4198 6190
759 387 1000 458 OLDERIGUS

531 738 647 808 XLIX.
678 775 724 788 -
751 734 902 808 villa
945 735 1235 809 Talnertir.

649 919 721 980 Sine
742 938 824 979 enno
843 929 873 980 et
894 919 960 982 loco
983 921 1119 1002 (1020?).

200 1099 421 1203 Rodulphus
448 1128 521 1190 rer,
549 1099 729 1206 petitione
757 1099 1000 1206 irmingardis
1027 1102 1194 1206 reginae,
1221 1102 1426 1183 Burchardi
1454 1100 1638 1205 archiepi-

123 1217 228 1321 scopi
255 1218 376 1299 fratris
402 1221 459 1300 sui
488 1231 525 1300 et
550 1219 756 1302 Burchardi
783 1220 1010 1304 Viennensis
1039 1220 1211 1324 archiep,
1240 1221 1355 1302 donat
1387 1222 1425 1303 in
1454 1249 1549 1325 pago
1577 1221 1640 1302 nl-

127 1337 286 1417 banensi
306 1338 487 1419 Talueriis
508 1339 632 1419 villam
656 1367 742 1421 cum
763 1340 840 1420 suis
860 1340 1084 1444 appenditiis
1112 1353 1253 1420 etcum
1273 1340 1430 1422 eeclesia
1449 1341 1484 1420 S.
1504 1340 1640 1421 Mariae

125 1467 166 1536 et
205 1457 240 1537 S.
267 1457 367 1538 Petri
406 1471 443 1536 et
469 1455 504 1538 S.
535 1459 677 1540 Manitii
718 1459 946 1538 monasterio
986 1459 1257 1548 Seviniaoensi‚
1295 1467 1401 1562 quos
1435 1459 1552 1540 abbas
1584 1469 1641 1539 est

125 1577 271 1656 iterius.
299 1577 336 1656 S.
364 1576 516 1657 Domini
542 1575 732 1680 Rodulphi
760 1577 870 1681 regis.

288 1713 512 1794 (Gorcrrrnon,
534 1713 606 1774 Bit.
631 1713 806 1776 Sabiniano
830 1713 925 1776 denti·
935 1715 984 1794 I).

264 2007 299 2073 L.
329 2045 364 2056 —
387 2001 612 2075 oldericus
637 2000 931 2095 btsgtrrtredur
959 2010 1003 2076 et
1029 2001 1268 2097 sigifredus
1294 2001 1515 2092 presbiter.

499 2185 586 2258 1021,
609 2185 627 2244 6
650 2184 739 2246 ionii
760 2185 831 2246 Iud.
855 2203 901 2246 rr.
924 2185 1014 2246 Intro
1036 2185 1143 2248 Oestro
1164 2205 1259 2248 nono.

203 2363 396 2446 Oldericns
425 2363 674 2468 Maginfredus
702 2365 871 2444 marchio
899 2366 920 2446 1.
948 2365 1138 2468 quondam
1167 2363 1257 2445 item
1290 2363 1510 2468 Maginfredi
1541 2391 1641 2443 mar-

123 2482 286 2580 chionis,
313 2495 350 2562 et
377 2484 486 2564 Berta
512 2482 702 2564 comitissa
725 2483 871 2588 jugales
899 2483 976 2564 filia
1001 2512 1036 2587 q.
1065 2481 1220 2564 Obherti
1254 2482 1506 2576 marchioniS,
1546 2510 1641 2586 quae

122 2631 171 2684 ex
198 2603 348 2682 natione
375 2630 442 2683 sua
468 2601 548 2706 lege
575 2602 666 2683 vivit
690 2603 1037 2708 Langobardorum,
1064 2603 1130 2681 sed
1150 2630 1252 2682 nuno
1270 2631 1336 2705 pro
1362 2602 1439 2682 vire
1467 2628 1535 2681 suo
1553 2601 1637 2708 lege

124 2721 217 2802 vivit
242 2721 367 2816 salico,
395 2748 482 2801 cum
510 2721 643 2802 notitia
669 2722 963 2828 propinquorum
991 2733 1189 2825 parentum
1218 2749 1384 2814 suorum,
1410 2721 1508 2801 idest
1532 2721 1642 2800 Adel·

123 2841 224 2922 berti
252 2839 480 2920 marchionis
507 2842 675 2947 germani
703 2840 762 2922 sui
789 2855 827 2920 et
851 2839 995 2921 Alberti
1023 2839 1176 2920 infantis
1205 2840 1350 2944 nepotis
1378 2839 1449 2936 sui,
1474 2839 1644 2919 vendunt

123 2959 313 3066 Sigifredo
340 2959 545 3062 presbitero
573 2959 652 3040 filio
679 2989 713 3064 q.
741 2959 905 3064 Adelgisi
933 2959 1061 3041 omnia
1087 2987 1183 3064 quae
1210 2959 1267 3039 sui
1291 2957 1388 3062 J'uris
1408 2971 1497 3038 sunt
1523 2958 1562 3039 in
1581 2987 1643 3037 co·

123 3081 262 3159 mitatu
302 3079 520 3173 Parmensi,
560 3079 835 3174 Placensiensi,
876 3079 1083 3171 Ticiniensi,
1115 3077 1354 3167 Tortonensi,
1393 3078 1640 3175 Vercellensi,

124 3199 312 3302 Aquensi,
337 3199 500 3296 Astensi,
527 3199 786 3302 Eporediensi,
815 3199 1030 3295 Torinensi,
1058 3198 1271 3296 Oradiensi,
1307 3198 1480 3295 Albensi,
1508 3197 1642 3302 Avige-

125 3317 249 3412 nensi,
276 3317 544 3424 Aberganonsi,
570 3318 881 3424 Vigintimiliensi
908 3332 976 3398 etc.
1007 3346 1070 3420 per
1097 3345 1313 3398 mensuram
1349 3325 1491 3419 Justam
1531 3344 1643 3420 super

126 3449 249 3517 totum
274 3444 406 3543 jugera
433 3435 537 3517 mille
566 3438 680 3518 milia.
712 3438 880 3518 Pretium
921 3437 1147 3518 venditionis
1186 3436 1300 3517 libras
1341 3448 1493 3517 centum
1535 3436 1642 3517 milia

126 3583 203 3661 arg.
231 3556 358 3636 denar.
385 3556 584 3637 honorum.
614 3555 780 3636 Traditio
808 3557 852 3636 fit
883 3584 948 3660 per
973 3556 1181 3646 cultellum,
1208 3556 1404 3655 festucam,
1424 3568 1642 3651 romonem,

127 3703 336 3756 vuasonem
363 3689 482 3757 terrae
509 3692 548 3756 et
574 3704 722 3758 ramum
749 3676 893 3758 erhoris
910 3689 988 3756 ete.

205 3795 380 3898 Opizzoni
410 3797 576 3877 notarius
604 3798 639 3878 S.
666 3795 799 3877 Palatii
828 3795 984 3898 scripsit.

291 3931 331 4013 (Ε
352 3931 390 3993 R.
415 3931 491 3996 Ταῦ.
515 3934 712 4010 'I'enrinensi‚
735 3933 829 3997 Suro.
853 3933 944 3996 Foco.
962 3935 990 4005 1,
1006 3953 1037 3993 n.
1055 3935 1085 3994 2.
1107 3933 1152 3994 M.
1175 3933 1220 3995 H.
1243 3934 1282 3996 P.
1308 3932 1415 3996 onero.
1431 3933 1459 4008 1,
1480 3933 1539 3995 col.
1555 3934 1640 4014 482).

638 4241 690 4307 Ll.
720 4280 767 4291 —
793 4240 885 4310 Rex
911 4239 1146 4311 umbertus.

847 4423 923 4483 1022

207 4609 340 4704 Nuper
366 4608 410 4680 io
436 4607 629 4682 Sardinia
655 4607 790 4680 insitio
818 4607 985 4702 epistole
1015 4608 1184 4682 dacberti
1211 4604 1502 4700 nrclnsseptseopt
1536 4607 1644 4678 Colu-

124 4728 261 4804 ritoei
285 4728 524 4800 concinnato
542 4726 630 4823 ficit,
650 4747 757 4799 nono
775 4751 877 4801 nunu
894 4727 1000 4809 doto,
1024 4726 1068 4798 in.
1086 4749 1166 4820 pato
1192 4725 1238 4798 de
1261 4724 1532 4820 potentissimo
1555 4746 1645 4821 repe

124 4842 311 4925 Umberto
338 4841 475 4921 comite
503 4840 541 4920 in
569 4869 656 4946 egro
684 4842 841 4945 Savogie
870 4839 1060 4921 Guilielmi
1082 4838 1228 4920 Ottonis
1248 4839 1327 4919 tilio
1344 4863 1470 4916 sermo
1490 4851 1556 4914 est.
1577 4843 1644 4915 No-

121 4968 335 5041 vissimum
356 4975 663 5056 anonumenium,
684 4973 775 5062 qrcot
794 4965 923 5038 uerbis
944 4972 996 5037 tot
1014 4964 1250 5062 portentosis
1270 4966 1458 5035 monstris
1480 4969 1644 5053 scatens,

126 5084 365 5159 incredibile
393 5083 579 5180 loquitor.

290 5225 529 5303 (illustracione
549 5225 583 5286 di
604 5242 647 5286 un
660 5225 765 5304 sopito
786 5230 925 5285 cartaceo
946 5225 996 5285 det
1016 5224 1115 5285 secolo
1137 5241 1182 5282 xv
1211 5227 1264 5283 ete
1279 5221 1324 5300 sa
1349 5227 1444 5298 porte
1470 5219 1549 5280 delle
1573 5235 1645 5295 per-

206 5339 334 5401 pomcoc
354 5340 369 5384 e
390 5323 425 5384 or
445 5325 526 5384 altre
546 5323 692 5384 scritture
712 5324 747 5385 di
768 5323 921 5396 Artorco,
942 5323 1027 5384 netto
1047 5324 1139 5399 quate
1158 5321 1188 5381 ri
1209 5325 1249 5380 to
1271 5321 1302 5381 to
1313 5335 1414 5397 provo
1429 5317 1546 5380 diretta
1561 5315 1645 5376 detto

209 5420 298 5496 repta
319 5419 356 5480 ed
376 5420 486 5480 italico
507 5421 709 5482 concremer
730 5420 765 5479 di
790 5419 931 5482 Umberto
951 5420 976 5481 I
993 5420 1028 5480 di
1049 5417 1175 5480 Soneio

209 5571 223 5611 ³
263 5571 364 5619 cunm,
378 5569 463 5624 mureto
476 5569 574 5612 comitum
590 5569 714 5612 sabaudici.
