4050 6188
627 359 762 432 GUIDO
789 361 845 430 Dii
873 359 1019 430 AVISIO

401 774 526 843 Dexo.
556 812 590 824 -
619 768 891 846 (tonna-matio
918 771 1250 869 privilegiorum.

784 971 870 1032 1242.

151 1149 313 1230 Thomas
340 1150 386 1230 da
412 1150 599 1233 Sabandia
624 1179 750 1232 comes
777 1151 975 1232 Flandriac
1001 1163 1039 1232 et
1056 1153 1231 1234 Johanna
1258 1151 1446 1232 comitissa
1473 1153 1576 1257 privi-

72 1268 172 1374 legia
198 1294 221 1347 1
245 1269 417 1374 Philippo
444 1271 491 1351 de
518 1271 663 1353 Aisasia
689 1298 862 1351 concessa
889 1271 1124 1352 confirmant.

232 1423 495 1504 (Romanusne,
519 1425 593 1488 Loo.
617 1425 670 1488 cit.
693 1445 764 1507 pag.
787 1429 850 1506 21).

408 1785 550 1854 110201.
580 1825 615 1836 -
643 1782 945 1856 nonasterium
972 1784 1115 1858 Bonae
1143 1783 1254 1872 spat.

780 1983 867 2044 1248.

150 2161 314 2241 Thomas
335 2161 382 2241 de
399 2160 584 2242 Sabandia
603 2187 727 2241 comes
743 2159 937 2242 Flandriae
952 2172 989 2242 et
1001 2161 1175 2242 Johanna
1189 2159 1376 2242 comitissa
1392 2161 1577 2262 quandam

70 2279 332 2361 venditionem
367 2280 582 2360 monasterii
616 2281 744 2360 Bonae
779 2280 864 2382 Spei
892 2280 1129 2362 confirmant.

234 2433 496 2512 (summano,
519 2431 594 2496 1111.
617 2433 671 2496 ait.
693 2452 763 2512 pag.
788 2437 849 2514 28).

312 2811 470 2880 Dcxcll.
501 2852 535 2862 —
565 2808 834 2883 canonicis.
866 2805 1033 2878 1111111
1060 2804 1355 2900 Augustanus.

511 3005 599 3081 1248,
624 3008 639 3066 1
661 3008 691 3069 d.
716 3007 871 3069 Januarii.
895 3007 967 3070 Iud.
990 3005 1204 3085 1111311111.

152 3183 343 3265 Amedcns
376 3211 502 3266 comas
534 3184 743 3268 Sabandiae
769 3198 806 3266 et
832 3187 871 3268 in
906 3185 1012 3267 Italia
1046 3185 1213 3268 marchio
1244 3182 1377 3286 accipit
1402 3183 1441 3264 in
1469 3180 1581 3286 garda

71 3331 145 3384 sna
172 3316 210 3383 et
236 3303 402 3384 custodia
429 3304 625 3384 canonicos
652 3305 838 3385 Ecclesiae
866 3306 902 3385 S.
923 3305 1059 3386 Mariae
1078 3302 1334 3409 Augustansis,
1354 3329 1484 3382 eornm
1512 3329 1582 3397 res,

70 3423 329 3527 possessiones
347 3436 384 3503 11
410 3423 594 3514 homines,
620 3424 872 3528 praecipitque
899 3423 1108 3506 castellanis
1128 3423 1205 3503 suis
1231 3435 1268 3502 et
1293 3421 1502 3526 specialiter
1528 3448 1583 3501 ca·

72 3541 237 3623 stellano
256 3543 372 3623 Castri
392 3542 1032 3648 1131111111οά11111111111111
1051 3543 1228 3624 defendat
1250 3542 1361 3624 sicuti
1384 3567 1581 3646 personam

72 3690 197 3742 snam.
226 3661 265 3742 Si
292 3663 375 3765 quis
401 3689 487 3741 vero
514 3688 578 3742 eos
598 3661 774 3755 offendat,
792 3659 887 3742 iram
906 3660 1054 3743 comitis
1072 3675 1109 3742 et
1131 3689 1289 3766 poenam
1311 3671 1460 3740 centnm
1484 3686 1583 3739 mar·

73 3781 235 3861 charum
263 3782 407 3886 argenti
436 3789 608 3862 incurrat.

236 3933 377 3995 (11211.
400 3934 474 4013 Gap.
499 3934 590 3997 Oath.
614 3935 779 4013 Augustae.
803 3933 1014 4014 Transcripait
1033 3933 1072 3994 A.
1096 3933 1167 3996 Duo
1188 3934 1264 4014 epis.
1286 3932 1512 4012 Augustanus).

501 4313 679 4382 ooxom.
703 4277 735 4363 -’
756 4308 891 4383 11111
920 4308 971 4380 oa
997 4308 1156 4381 Avtato.
1293 4419 1302 4440 ·

493 4509 580 4583 1248,
603 4511 620 4568 1
641 4507 672 4569 A.
695 4506 850 4578 Januarii.
873 4507 964 4586 Apud
982 4506 1178 4569 Moriaoium.

158 4691 348 4772 Amedcus
375 4716 500 4770 comes
527 4688 736 4770 Sabandiae
763 4700 801 4768 et
826 4687 864 4766 in
892 4687 996 4767 ltalia
1026 4685 1192 4766 marchio
1212 4683 1374 4764 Gnidoni
1393 4683 1439 4762 de
1458 4681 1584 4762 Avisio

77 4825 118 4892 et
145 4811 223 4891 suis
250 4809 496 4906 consortibus,
525 4809 667 4890 scilicet
693 4807 929 4898 Theobaldo,
957 4805 1148 4898 Anselmo,
1174 4805 1284 4884 Petro
1311 4815 1349 4881 et
1373 4803 1584 4904 Aymoneto

75 4930 172 5012 filiis
199 4929 344 5010 domini
371 4929 492 5023 Petri,
518 4928 681 5009 Gnidoni
712 4927 811 5007 dicto
838 4927 884 5006 dc
911 4927 1008 5022 Mer,
1037 4937 1075 5004 et
1099 4923 1330 5004 Anselmetio
1358 4920 1437 5001 filio
1463 4949 1497 5023 q.
1525 4919 1585 4998 Ai-

76 5048 207 5128 monis
246 5050 443 5128 confirmat
478 5049 625 5136 banna,
648 5045 836 5147 justitias,
865 5071 1012 5124 merom
1046 5056 1083 5123 et
1119 5042 1278 5123 mixtum
1314 5038 1515 5143 imperinm
1549 5049 1586 5116 ct

75 5168 340 5249 omnimodam
364 5165 662 5269 jurisdictionem
689 5165 728 5245 in
756 5164 888 5262 fendis,
915 5189 1010 5266 qnae
1037 5162 1084 5241 ab
1113 5162 1190 5263 ipso
1217 5157 1353 5241 comite
1380 5169 1521 5238 tenent.

240 5319 282 5402 (n
313 5319 389 5382 Tab.
421 5319 600 5381 Oommunia
629 5317 748 5380 Oervier
773 5317 811 5378 ·in
831 5315 918 5379 Vallo
949 5317 1150 5395 Augustuna,
1173 5311 1368 5402 transumpsit
1392 5309 1429 5370 P.
1453 5309 1488 5371 0.
1520 5309 1585 5372 Ds-

163 5423 330 5498 zuzsaoa).
