4198 6190
837 397 1081 464 PRAEFATIO
1689 411 1725 458 rx

209 528 519 538 -—————
887 525 1114 532 —--——·
1129 523 1268 531 --···--·

209 543 802 555 -ι--ῡ-ὺ--ῇ-
819 543 870 548 ---
885 541 1268 548 ---.---.----

203 737 349 834 grum
381 709 571 804 vultum
603 706 798 801 infimae
833 705 961 799 illins
996 702 1246 826 latinitatis
1271 705 1570 799 servandum
1603 732 1725 800 esse.

203 900 551 1024 Exemplorum
591 899 708 994 vitia
755 899 1000 993 interdum
1044 897 1235 1008 notavi,
1277 898 1359 992 sed
1402 898 1535 991 nulla
1575 898 1722 993 litura

204 1097 486 1190 contextum
529 1092 787 1188 emendare
830 1118 980 1185 ansus
1026 1117 1151 1185 snm.
1192 1091 1409 1185 Paucula
1453 1092 1725 1212 quaedam,

208 1316 318 1383 raro
352 1289 535 1398 tamen,
571 1285 630 1381 ad
665 1284 932 1380 vetustiora
964 1289 1011 1380 et
1046 1285 1331 1379 obscuriora
1362 1289 1582 1406 tempora
1613 1284 1730 1378 illu-

208 1481 409 1575 stranda
439 1507 468 1572 a
500 1478 747 1572 chronicis
781 1478 1018 1599 excerpsi.

301 1671 603 1767 Documenta
629 1669 790 1793 gentis
813 1669 1103 1765 Ardoinicae
1125 1669 1458 1781 Taurinensis
1483 1672 1674 1765 saeculo
1697 1700 1733 1764 x

209 1866 258 1956 et
296 1889 349 1956 xi
396 1859 686 1981 Subalpinae
736 1857 923 1980 regioni
961 1857 1292 1969 moderantiS,
1335 1858 1518 1952 chartis
1568 1858 1733 1952 Hum-

211 2052 412 2149 bertinis
461 2051 651 2173 adjecl3
698 2052 823 2172 quod
864 2051 981 2147 adeo
1025 2078 1104 2146 res
1152 2051 1257 2172 ipsa
1307 2051 1548 2146 monebat.
1602 2051 1731 2146 Nam

212 2246 427 2342 Oddouis
472 2243 838 2338 matrimonium
888 2271 999 2337 cum
1043 2242 1271 2338 Adelaide
1312 2242 1593 2362 comitissa,
1644 2243 1735 2338 Ol-

213 2439 363 2535 derici
396 2437 634 2533 Manfredi
667 2436 964 2531 marchionis
998 2438 1096 2533 filia
1128 2441 1176 2532 et
1207 2437 1410 2557 herede,
1456 2436 1732 2554 Sabaudae,

216 2659 346 2726 nunc
378 2631 570 2726 ltallcae
597 2629 781 2724 Domus
806 2628 1079 2752 imperium,
1103 2632 1228 2752 quod
1251 2634 1361 2724 ante
1392 2657 1576 2725 annum
1601 2659 1737 2725 uxnv

215 2822 346 2918 intra
390 2825 604 2919 claustra
643 2821 796 2916 Vallis
845 2823 1176 2946 Augustensls
1228 2821 1594 2939 continebatur,
1645 2825 1738 2920 late

219 3017 342 3111 citra
389 3017 536 3138 Alpes
577 3014 896 3140 propagavit,
941 3013 1132 3111 futurae
1174 3015 1526 3138 magnitudinis
1560 3014 1738 3111 funda-

218 3212 448 3304 mentum.
486 3209 643 3304 Unius
665 3213 713 3304 et
734 3209 933 3304 alterius
964 3207 1135 3303 Gentis
1161 3213 1417 3304 stemmata
1448 3214 1739 3332 sequuntur,

217 3405 361 3496 ancta
405 3405 452 3496 et
498 3402 776 3517 emendata,
825 3399 997 3496 fabulis
1052 3402 1269 3523 rejectiS,
1310 3430 1431 3524 quae
1470 3403 1740 3498 multorum

219 3594 379 3689 studia
422 3596 703 3689 tenuerunt.
751 3592 887 3716 Opus
921 3621 1074 3716 usque
1109 3595 1167 3688 ad
1201 3621 1383 3688 annum
1434 3623 1628 3708 uocum,
1659 3595 1740 3688 ni-

218 3785 400 3880 mirum
442 3785 502 3881 ad
534 3785 717 3885 obitum
750 3785 952 3881 Amadei
986 3787 1085 3898 IV,
1120 3787 1354 3909 produxi,
1400 3787 1574 3909 quibus
1611 3787 1742 3884 tem-

218 3988 416 4110 poribus
461 3988 638 4110 triplex
671 3988 1109 4083 Humbertinorum
1150 3989 1449 4113 principatus
1484 3989 1533 4082 in
1573 3990 1736 4110 ltalia,

218 4181 342 4304 apud
389 4181 675 4302 Allobroges
720 4187 863 4304 atque
907 4181 957 4274 in
1000 4183 1333 4278 Helvetiorum
1392 4183 1568 4278 finibus
1619 4212 1742 4318 con-

218 4372 416 4467 stitutus
442 4371 544 4489 luit,
567 4373 767 4496 Jamque
801 4374 1043 4469 hilarioris
1079 4375 1199 4469 lucis
1236 4375 1356 4470 radii
1390 4380 1577 4472 noctem
1615 4379 1737 4495 aevi,

218 4565 343 4688 quod
384 4565 599 4660 medium
633 4593 894 4686 vocamus,
930 4568 1211 4663 discutiunt.

311 4758 560 4854 Hactenus
610 4787 666 4855 ea
708 4788 829 4882 quae
869 4761 928 4854 ad
973 4764 1195 4856 actorum
1240 4761 1568 4856 narrationem
1625 4790 1740 4884 spe-

217 4953 439 5063 ctabant,
473 4937 664 5046 'cursim
705 4952 871 5074 attig13
918 4980 1047 5048 nunc
1084 4952 1269 5075 reliqna
1307 4955 1428 5058 mihi
1471 4982 1583 5078 pars
1629 4959 1736 5074 est,

216 5148 271 5240 ut
309 5145 525 5266 publicas
568 5145 751 5265 gratias
798 5172 942 5268 agam
993 5146 1148 5241 doctis
1194 5146 1342 5256 virm,
1388 5147 1470 5270 qui
1513 5147 1739 5244 taediosis

215 5336 488 5432 istiusmodi
522 5337 734 5432 elenchis
768 5337 973 5432 comiter
1006 5338 1222 5461 opitulati
1265 5344 1407 5461 sunt,
1449 5340 1736 5464 praesertim
