4070 6186
432 342 475 404 ao
841 339 1036 406 nnonsra
1065 293 1267 406 oonrruu
1296 340 1540 407 statumen

586 689 820 755 CCXXXVttt.
852 729 895 736 —
926 688 1150 760 umbertus
1176 690 1219 759 11
1245 693 1289 758 et
1317 686 1508 760 dominus
1538 685 1768 758 Brionzoni

1081 886 1303 944 Anno....

514 1099 529 1134 o
559 1063 698 1144 Diebus
726 1061 895 1142 Umberti
924 1061 1071 1140 comitis
1092 1061 1163 1140 fuit
1190 1061 1344 1162 quidam
1373 1061 1551 1139 dominus
1579 1059 1618 1140 in
1646 1059 1855 1140 brianzone
1881 1061 1932 1160 qui

433 1184 579 1263 noviter
614 1182 737 1284 posuit
763 1182 963 1286 pedagium
993 1209 1102 1282 super
1128 1192 1365 1260 transeuntes
1395 1208 1458 1282 per
1485 1181 1581 1259 {ines
1608 1207 1708 1276 suos,
1738 1179 1789 1259 ite
1815 1193 1856 1257 ut
1880 1179 1931 1258 du·

432 1303 585 1405 plicaret
611 1329 769 1382 censum
796 1328 909 1404 quem
937 1301 1025 1379 dare
1054 1312 1324 1379 oensueverent
1351 1311 1587 1380 transeuntes
1606 1359 1613 1372 .
1631 1359 1639 1376 .
1657 1360 1691 1375 ..
1726 1299 1932 1404 Indignatus

433 1437 489 1501 est
516 1449 653 1503 eomes.
682 1419 816 1526 Dirigit
843 1447 992 1524 agerem
1021 1433 1148 1498 oontra
1175 1419 1375 1500 dominum
1405 1421 1614 1516 brianzoni
1643 1420 1718 1522 qui.
1736 1479 1769 1492 ..
1799 1445 1934 1496 coneor-

433 1542 535 1621 davit
562 1569 601 1620 se
629 1569 715 1620 eum
742 1540 897 1618 domino
931 1540 1123 1619 blorianne
1163 1539 1310 1640 sibique
1351 1539 1439 1618 feeit
1466 1539 1697 1645 homagium,
1725 1539 1933 1642 promittens

434 1689 478 1764 ey
506 1660 610 1741 omni
651 1672 819 1762 tempore
859 1658 996 1739 servire
1036 1671 1074 1738 et
1112 1657 1286 1761 deposuit
1326 1685 1482 1738 censum
1523 1687 1635 1762 quem
1667 1657 1934 1738 transeuntibus

436 1781 664 1882 imposuerat
691 1811 724 1852 a.

594 1933 700 2012 (Frag.
727 1931 895 1993 Ohronioee
910 1931 1040 1993 Latinae
1057 1931 1129 1993 Sub.
1147 1932 1179 1992 in
1195 1931 1233 1992 R.
1254 1932 1329 1992 Tab.
1347 1931 1554 1994 adservatum.
1573 1932 1775 1993 Mioreitooeu
1790 1932 1824 1992 di
1840 1931 1884 1990 St.
1899 1930 1935 1988 n.

516 2029 602 2090 Tum.
633 2029 738 2089 XXII.
768 2030 814 2090 De
839 2029 897 2089 hor
933 2029 1042 2090 bellino
1074 2031 1209 2090 faeiuore
1241 2029 1434 2091 vehementer
1464 2029 1628 2106 ambigunt
1658 2029 1772 2089 eruditi
1800 2029 1875 2101 viri,
1896 2026 1936 2086 sed

512 2127 670 2203 proprium
691 2131 735 2187 est
756 2144 858 2187 rerum
879 2131 1035 2204 gesturum
1056 2126 1217 2186 memoriae
1238 2145 1291 2204 per
1312 2145 1423 2186 manus
1443 2126 1539 2186 veluti
1562 2125 1761 2192 traditarum,
1784 2144 1857 2185 vera
1877 2143 1936 2184 oum

513 2222 598 2282 falsis
619 2222 762 2295 miseere;
794 2243 844 2285 ars
866 2224 974 2284 eritiee
1007 2243 1042 2284 ea
1068 2223 1175 2284 cernit.
1209 2224 1247 2284 V.
1281 2225 1331 2282 Dr.
1364 2224 1482 2295 Foras,
1508 2225 1552 2284 Le
1579 2223 1678 2302 pe'opa
1708 2225 1745 2284 da
1778 2223 1936 2302 Brioopoo,

516 2322 679 2395 Maritima,
705 2323 807 2399 leun).

630 2609 828 2676 cdxxxix.
859 2647 893 2657 -
922 2607 1147 2679 umbertus
1173 2607 1216 2679 11
1242 2607 1543 2678 Tarentosiem
1571 2612 1751 2694 oeoupet

1101 2806 1192 2866 Anno
1216 2849 1223 2864 .
1247 2849 1287 2865 ..

518 3017 534 3055 u
562 2983 721 3062 Patriam
761 2984 1022 3065 Tharantasiae
1058 2985 1151 3065 nulli
1190 2985 1376 3089 perprimo
1413 2983 1618 3080 subjeetum
1660 2992 1741 3086 ejus
1780 2985 1940 3066 dominio

438 3103 588 3208 subegit
616 3141 649 3178 o.

441 3247 443 3254 ¹
597 3257 725 3338 (chron.
749 3258 821 3319 not.
846 3259 1018 3320 Sabaudiae
1040 3231 1085 3320 M.
1109 3261 1153 3320 Η.
1178 3261 1215 3320 Ρ.
1239 3260 1353 3338 deripi.
1376 3261 1421 3340 1).

515 3444 719 3525 Umbertus
746 3446 879 3525 Comes
912 3475 929 3514 u
957 3445 1125 3523 aseendit
1152 3446 1198 3523 ad
1227 3443 1361 3523 vellem
1390 3443 1614 3534 Tarentasie,
1641 3442 1679 3521 in
1707 3469 1780 3546 qua
1822 3441 1940 3521 nullus

389 3627 393 3633 .
438 3576 517 3643 erat
543 3563 719 3644 dominus
737 3565 801 3668 qui
817 3563 1009 3664 justiniam
1037 3562 1276 3656 ministraret,
1296 3577 1353 3642 set
1378 3569 1497 3662 major
1515 3561 1722 3642 suffocabat.
1751 3562 1941 3652 minorem,

438 3683 617 3787 illamque
644 3684 800 3786 patriam
829 3682 1053 3788 subjugavit,
1073 3682 1230 3784 illosque
1251 3684 1312 3785 qui
1333 3682 1370 3762 in
1390 3682 1454 3761 illa
1473 3680 1707 3780 habitabant,
1727 3682 1797 3763 sibi
1817 3682 1944 3761 servire

439 3804 560 3908 coegit
588 3839 621 3875 u.
2015 3887 2016 3928 ἢ

594 3956 703 4036 (Frag.
728 3957 820 4017 Oron.
845 3956 916 4016 Lat.
941 3958 973 4016 in
997 3955 1034 4015 R.
1057 3955 1133 4016 Tab.
1150 3955 1335 4016 Taurinensi
1351 3957 1561 4016 adservatum.
1579 3953 1653 4015 noc.
1671 3955 1726 4016 eit.
1745 3955 1831 4015 Tem.
1851 3952 1946 4022 xxii,

517 4071 588 4132 pag.
610 4055 679 4112 310.
702 4055 742 4114 At
770 4054 932 4114 Umbertus
952 4054 968 4112 Ι
990 4063 1020 4112 et
1050 4055 1134 4116 Oddo
1163 4054 1347 4130 jampridem
1381 4054 1583 4114 'i'arantasiao
1614 4053 1853 4130 imperitabant;
1876 4070 1946 4129 qna·
2015 4067 2016 4070 ’

516 4154 649 4228 propter,
672 4149 755 4210 hisee
776 4156 804 4210 ot
833 4150 986 4210 similibus
1015 4171 1093 4227 quae
1130 4151 1307 4224 traduntur,
1337 4151 1362 4209 si
1384 4170 1444 4226 qua
1470 4149 1542 4209 tides
1570 4149 1744 4210 adhibenda
1771 4155 1825 4222 est,
1858 4166 1944 4224 argu-

515 4247 646 4308 monteri
667 4246 751 4307 deest
773 4245 955 4308 Umbertum
970 4247 1005 4308 11
1030 4247 1107 4307 inibi
1131 4246 1375 4308 dominationem
1402 4247 1640 4321 confirmavisse,
1667 4248 1807 4327 dynastis
1828 4248 1862 4307 in
1883 4265 1947 4324 pro-

514 4345 620 4404 viueia
643 4345 704 4404 late
726 4347 867 4423 tyrannis
889 4345 944 4405 arab
967 4345 1131 4423 imperium
1152 4345 1314 4423 redactis).

641 4641 763 4706 CCXL.
793 4678 838 4690 --
866 4637 1091 4709 umbertus
1118 4638 1170 4706 11.
1200 4636 1381 4706 Monesi.
1412 4634 1749 4708 tructuarienso.

895 4838 979 4893 1100.
1004 4835 1082 4893 Anto
1110 4833 1270 4893 ecclesiam
1294 4814 1496 4894 Cinmbrrno.

517 5016 731 5109 Umbertus,
758 5015 876 5121 gratia
897 5015 963 5094 Dei
995 5043 1139 5108 eomes,
1167 5015 1395 5095 monasterio
1416 5017 1692 5096 Fructuuriensi
1720 5019 1756 5096 S.
1779 5016 1944 5123 benigni,

440 5135 613 5238 Tyburoii
643 5149 680 5215 et
705 5135 850 5241 Agapiti
880 5135 995 5213 donat
1021 5133 1215 5213 eeclesiam
1246 5137 1281 5213 S.
1310 5135 1499 5216 Laurentii
1528 5136 1574 5216 de
1601 5135 1817 5230 Ciumbura,
1846 5151 1945 5240 atque

440 5282 460 5332 o
489 5266 618 5334 monto
638 5256 809 5334 Pennino
837 5281 955 5358 usque
979 5253 1025 5332 ad
1045 5266 1249 5334 torrentem
1272 5282 1390 5357 aquae
1411 5285 1522 5360 super
1542 5257 1718 5364 burgum,
1745 5257 1944 5336 universam

435 5375 620 5476 justitiam
650 5402 775 5462 suanm
802 5389 988 5466 praeterea
1016 5373 1132 5452 donat
1158 5371 1321 5454 insulam
1345 5380 1451 5474 juxta
1481 5387 1649 5456 montem
1677 5376 1889 5456 Pennioum
1915 5385 1945 5452 ei
