4096 6190
472 367 547 434 330
879 369 1076 440 REGESTA
1103 369 1305 439 cemento
1334 370 1577 440 SABAEUDIAE

866 767 1017 839 colom.
1047 805 1083 819 -
1110 763 1300 839 ronam
1323 765 1375 839 tle
1400 763 1588 862 Bargll'n,

792 903 1052 989 fontenillis,
1078 903 1260 990 nnana,
1287 901 1557 992 Boarnnflsto,
1584 907 1665 978 ato.

983 1103 1071 1166 128⁵.
1093 1101 1165 1168 11&
1188 1120 1265 1166 vur.
1287 1102 1328 1166 In
1348 1102 1483 1184 Vigono.

545 1281 737 1364 Amedeus
762 1283 815 1364 IV
832 1309 958 1364 eomes
990 1281 1207 1364 Maurianae
1234 1295 1273 1364 et
1301 1283 1469 1366 marehio
1496 1283 1642 1366 Ytaliae
1671 1285 1857 1366 investivit
1879 1313 1950 1366 mer·

470 1401 647 1484 ehienem
675 1399 936 1506 M'aynlredum
962 1403 1047 1504 (III)
1072 1403 1120 1484 de
1147 1401 1306 1485 Saluuiis
1329 1409 1415 1506 jure
1446 1415 1485 1484 et
1515 1403 1671 1486 nomine
1701 1403 1851 1512 gentilis
1878 1403 1952 1487 leudi

470 1523 517 1602 de
544 1529 622 1602 toto
649 1519 731 1603 loeo
757 1519 911 1626 Bargi'is,
938 1534 1058 1603 eastre
1086 1535 1124 1604 et
1150 1521 1236 1603 villa
1263 1522 1311 1604 de
1337 1523 1563 1618 Fontonilio
1590 1519 1806 1614 Ronehelia‚
1827 1523 1953 1619 Buseha,

471 1637 707 1736 Searnafisio‚
741 1649 780 1720 et
808 1637 966 1722 insimul
998 1640 1046 1722 de
1080 1667 1125 1722 eo
1159 1639 1254 1738 loeo,
1290 1667 1405 1746 quem
1438 1640 1617 1724 Nieolaus
1652 1641 1699 1724 de
1734 1641 1904 1723 Bemeeio
1929 1655 1954 1721 et

471 1759 633 1842 Uhertns
659 1759 841 1868 R'ogerius
868 1759 999 1841 frenes
1026 1757 1220 1842 habehant
1246 1758 1306 1841 vel
1339 1759 1480 1844 habere
1510 1761 1703 1843 dehebant
1735 1761 1776 1841 in
1811 1761 1954 1843 Bemerin

472 1874 561 1960 ville
588 1887 626 1960 et
651 1887 783 1960 oestro.
1149 1907 1151 1912 ’

545 1999 593 2080 Et
618 1998 787 2080 marchio
813 1998 860 2080 de
886 1998 1043 2082 Saluuiis
1070 1997 1243 2104 promisit
1268 2001 1370 2105 quod
1396 2001 1429 2080 si
1456 1999 1581 2106 aliquo
1615 2012 1788 2104 tempore
1820 1999 1956 2082 invenire

474 2128 600 2225 posset
623 2115 725 2223 qood
751 2117 913 2223 amplius
939 2130 1085 2200 teneret
1111 2119 1158 2200 alt
1185 2118 1266 2225 ipso
1293 2117 1431 2201 eomite
1458 2120 1496 2200 in
1525 2119 1705 2217 feudum,
1731 2119 1773 2201 id
1807 2131 1915 2202 totum
1934 2121 1958 2199 ei

475 2235 714 2345 consignaret
748 2263 862 2343 quam
901 2237 1011 2320 eitius
1047 2237 1201 2336 adisset,
1229 2249 1267 2320 et
1298 2237 1400 2320 istud
1427 2251 1550 2320 totum
1577 2239 1625 2320 ad
1652 2265 1830 2344 praesens
1854 2265 1958 2320 reeen-

474 2357 599 2464 signat
620 2362 706 2459 jure
732 2369 771 2438 et
796 2383 901 2438 more
927 2355 1080 2464 gentilis
1108 2353 1224 2438 leudi.
2014 2354 2015 2368 '

550 2475 631 2582 Ego
656 2475 825 2557 Boninus
850 2475 1018 2557 notarius
1045 2475 1144 2557 hane
1178 2487 1329 2572 cartam,
1354 2503 1470 2580 quam
1497 2475 1690 2580 quondam
1722 2475 1910 2558 lohannes
1930 2475 1961 2556 de

477 2593 630 2677 Caluxio
648 2593 815 2676 notarius
835 2591 1038 2675 abreviavit
1063 2607 1102 2676 et
1127 2593 1317 2698 complere
1344 2595 1576 2700 nequiverat,
1596 2606 1707 2699 prout
1732 2595 1776 2676 in
1797 2594 1873 2676 suis
1889 2593 1963 2674 altre

477 2712 633 2796 viaturis
660 2711 800 2812 inveni,
828 2712 1049 2794 auctoritate
1079 2711 1224 2795 domini
1261 2711 1407 2796 Nicolai
1434 2715 1481 2794 de
1506 2713 1661 2820 Biglens
1694 2713 1843 2796 tudinis
1874 2713 1963 2794 Gene

478 2833 566 2915 ralis
601 2832 720 2916 tonius
754 2833 992 2939 pedemonoii
1026 2861 1092 2938 pro
1128 2833 1292 2915 dominis
1326 2832 1374 2914 de
1410 2829 1610 2931 sabaudia,
1647 2831 1835 2938 complevi
1868 2843 1902 2912 et
1928 2829 1965 2910 sia

478 2981 620 3058 seraper.

554 3075 597 3156 In
624 3073 774 3178 Vigono
801 3071 977 3153 dominae
1003 3073 1136 3153 Bertee
1163 3073 1322 3153 Vannae
1349 3075 1408 3172 (t).

562 3275 591 3403 b
637 3242 841 3421 (gfflgb.
865 3241 1065 3308 ffli-
1085 3241 1254 3306 Finem
1274 3243 1310 3306 di
1329 3241 1489 3316 Moto,
1510 3242 1621 3306 Mam
1640 3244 1673 3316 6,
1695 3243 1819 3323 Boane,
1839 3261 1871 3304 n.
1892 3245 1915 3303 1.
1933 3239 1967 3301 tl.

593 3359 640 3404 oo.
802 3382 811 3402 .

600 3701 745 3771 cMLIV.
774 3741 810 3752 -
837 3699 899 3772 ns
925 3697 1073 3793 nayda
1099 3699 1235 3796 Burgi
1260 3699 1363 3774 novi
1388 3699 1503 3791 apud
1530 3700 1885 3775 cambuttam

987 3895 1075 3974 tato,
1096 3897 1127 3960 d.
1151 3899 1189 3960 28
1211 3896 1300 3960 Julii.
1322 3897 1394 3960 Inal.
1418 3915 1495 3962 viu.

559 4079 752 4163 Amedeus
778 4078 829 4159 IV
854 4103 982 4158 eomes
1007 4077 1218 4159 Sabaudiee
1254 4090 1293 4159 et
1333 4078 1375 4158 in
1412 4077 1565 4158 Ythalie
1605 4077 1779 4159 marehio
1822 4079 1927 4162 donat
1947 4073 1974 4154 in

485 4197 861 4306 herbergimenthum
889 4197 927 4278 in
955 4209 1177 4302 perpetuum
1206 4196 1392 4278 Chaberto
1421 4194 1628 4287 Chabeudi,
1647 4197 1857 4278 Laurentio
1881 4197 1972 4276 Faeor

485 4338 524 4405 et
550 4320 708 4404 Martino
735 4329 774 4399 et
797 4316 963 4398 lohanni
991 4329 1029 4396 et
1053 4316 1254 4398 Willelmo
1282 4317 1406 4396 Faoon
1435 4327 1472 4396 et
1498 4315 1699 4419 Rodulpho
1728 4315 1814 4421 Gay
1840 4331 1877 4396 et
1901 4317 1975 4394 hera·

486 4441 597 4523 dibus
636 4464 768 4519 eornm
805 4434 971 4539 Leydam
1015 4436 1130 4542 Burgi
1173 4435 1260 4516 novi
1297 4435 1395 4537 apud
1435 4433 1766 4516 Chamberiaoum.
1805 4435 1884 4516 Heu
1918 4457 1977 4510 veno

486 4557 725 4664 herbergavit
749 4583 816 4662 pro
842 4555 1034 4660 sexaginta
1059 4553 1189 4635 solidis
1218 4553 1336 4636 fortiis
1365 4554 1519 4634 nomine
1539 4552 1719 4634 introitus
1747 4567 1789 4634 et
1816 4552 1975 4656 sexaginta

484 4680 614 4763 solidis
642 4676 761 4760 fortiis
787 4674 983 4756 annuatim
1011 4674 1251 4755 censualibus
1278 4671 1559 4754 exolvendibus.
1667 4691 1672 4701 ·

562 4801 701 4881 Aotum
718 4797 815 4901 apud
836 4795 1150 4875 Chamberiaoum
1168 4794 1208 4873 in
1226 4793 1340 4874 domo
1358 4793 1399 4874 B.
1427 4792 1595 4888 Antonii,
1621 4791 1690 4874 uhi
1707 4791 1870 4878 luerunt
1895 4805 1977 4872 teste

487 4921 689 5005 Umbertus
715 4917 763 4998 de
790 4913 957 4997 Saisello.
986 4913 1189 4994 Umbertus
1216 4911 1436 5008 marescalli,
1463 4911 1665 4994 Anselmus
1694 4911 1857 5022 Grangi,
1881 4915 1978 4994 Peon

487 5038 659 5144 Vulpios
687 5034 913 5118 &uvillelmus
940 5031 1197 5114 Gandillonns.

562 5157 725 5240 Jaoobus
752 5157 788 5236 S.
816 5151 966 5257 Imperii
994 5163 1032 5232 et
1058 5151 1207 5232 comitis
1234 5150 1446 5234 Sabaudiae
1474 5147 1642 5232 notarius
1668 5149 1839 5254 scripsit

647 5327 689 5408 (n
711 5327 750 5388 n.
775 5325 853 5387 nab.
877 5322 1073 5385 naerens.
1096 5322 1204 5384 nova
1223 5322 1262 5384 aa
1285 5319 1407 5396 meo,
1428 5319 1550 5399 ranna
1571 5321 1607 5394 a;
1631 5319 1827 5399 omnam,
1849 5340 1881 5383 n.
1900 5321 1935 5394 n.
