4070 6186
435 348 503 411 148
836 341 1033 409 REGESTA
1060 341 1265 409 OOMITUM
1281 339 1537 410 cinnomus

432 595 470 662 el
496 583 705 664 Commune
732 581 836 663 illam
860 581 1045 684 justitiam
1065 581 1184 662 facere
1204 580 1408 676 noluerint,
1428 579 1622 662 Carienses
1638 593 1676 661 et
1692 580 1938 661 Testonenses
2016 655 2017 672 p

433 702 524 781 citro
548 703 692 783 Padum
720 714 757 781 et
782 703 880 783 ultre
906 703 1051 782 Padurn
1079 701 1220 782 debent
1246 701 1430 784 Comitem
1458 701 1644 802 adjuvare.

508 823 668 902 Rufinus
695 823 733 902 S.
758 822 892 903 Palatii
920 821 1086 902 notarius
1113 821 1270 925 scripsit.

590 975 633 1058 <n
654 974 730 1038 Tab.
745 975 892 1055 Archiep.
916 975 1112 1051 Taurinenei,
1135 975 1202 1038 Oai.
1219 975 1249 1049 I,
1273 975 1365 1037 Fasc-
1380 976 1410 1049 Ι,
1424 994 1457 1036 n.
1475 975 1522 1034 12.
1546 972 1939 1047 cinomannicum

508 1074 545 1136 di
567 1073 684 1148 Olieri,
706 1073 778 1136 libri
800 1075 924 1153 quailro
946 1092 1003 1135 con
1025 1073 1213 1148 documenti,
1234 1071 1281 1146 II,
1305 1093 1376 1154 pag.
1399 1073 1463 1152 35).

735 1383 929 1453 cccxcix.
960 1421 995 1434 —
1023 1379 1276 1454 luricdiotlo
1306 1379 1639 1454 (londoniarum.

1053 1566 1142 1641 1000,
1166 1568 1184 1624 5
1205 1563 1322 1626 Martii.

506 1747 669 1828 Thomas
703 1774 830 1827 comes
865 1746 1076 1828 Sabaudiae
1112 1757 1150 1825 et
1184 1747 1386 1836 Amedeus
1421 1751 1502 1848 ejus
1539 1745 1656 1838 filius,
1689 1745 1782 1825 dant
1817 1743 1936 1824 abboli

431 1869 467 1947 S.
487 1867 599 1948 Marci
615 1867 920 1969 jurisdictionem
940 1866 1249 1948 Gundomiarum.

592 2019 776 2102 (Ziboldooe
796 2020 999 2100 Plupouiouo.
1023 2019 1196 2099 Pingoniue
1226 2020 1465 2082 animadvertit:
1499 2019 1579 2082 Nota
1600 2019 1683 2098 quod
1712 2018 1765 2081 hic
1795 2018 1937 2080 Amedsns

403 2135 410 2150 ¹
512 2137 576 2180 non
597 2121 663 2180 erat
683 2117 745 2180 nisi
765 2117 901 2198 quinque
922 2119 1040 2198 annis).
1073 2157 1075 2160 -

611 2424 678 2492 OD.
708 2463 744 2475 -
774 2419 1046 2496 confirmatio
1073 2423 1192 2512 pacis
1220 2425 1457 2498 communic
1483 2424 1766 2498 Tamicensis.

740 2607 829 2680 1200,
852 2608 889 2666 09
908 2597 1123 2668 ΜατὲίἰζΙηᾱ.
1147 2627 1200 2668 111.
1224 2606 1263 2668 In
1283 2607 1407 2686 pascuis
1426 2608 1463 2670 de
1482 2608 1637 2672 Mairano.

507 2789 698 2870 Arduinns
725 2788 966 2870 Taurinensis
994 2789 1201 2894 episcopus,
1229 2789 1346 2871 Gicha
1372 2801 1410 2870 et
1427 2790 1545 2870 Guala
1573 2789 1769 2871 Gehuinus
1788 2790 1865 2870 vice
1881 2791 1932 2870 Ja-

433 2909 516 2991 cohi
543 2908 590 2990 de
608 2908 825 2990 Guidolardi
853 2911 1044 3013 potestatis
1062 2909 1302 2990 Taurinensis
1330 2923 1367 2990 et
1384 2909 1566 2990 Coniunis
1586 2911 1633 2990 de
1651 2909 1823 3004 Taurino,
1845 2937 1933 3014 prae·

433 3028 554 3110 sentia
569 3028 727 3110 Joannis
744 3030 791 3108 de
811 3028 914 3109 Oliva
941 3043 978 3132 et
1003 3029 1134 3134 Pagini
1154 3030 1201 3108 de
1223 3028 1396 3109 Centurio
1423 3028 1701 3108 ambasatorum
1731 3029 1932 3108 conununis

433 3149 697 3238 vercellarum,
724 3160 836 3252 atque
864 3148 995 3230 Uberti
1024 3151 1069 3228 de
1102 3149 1196 3229 Palii
1223 3161 1261 3229 et
1293 3149 1421 3229 Uberti
1455 3149 1501 3227 de
1533 3148 1638 3228 Cario
1669 3148 1932 3228 ambasalorun

433 3269 647 3349 communis
671 3272 773 3365 Acte,
803 3268 1055 3370 promiserunt
1093 3269 1193 3373 quod
1221 3267 1413 3372 episcopus
1441 3266 1685 3347 Taurinensis
1713 3281 1751 3347 et
1785 3280 1932 3370 poteslas

434 3387 684 3479 Taurinensis‚
704 3387 859 3468 nomine
878 3387 1067 3470 Ecclesiae
1094 3400 1132 3468 et
1150 3388 1331 3468 Comunis
1358 3387 1494 3466 sacient
1517 3386 1704 3488 justitian)
1734 3387 1858 3467 comiti
1874 3387 1934 3464 Sa-

435 3506 593 3587 baudiae
620 3519 657 3586 et
684 3507 757 3587 illis
784 3506 830 3587 de
848 3507 1038 3588 Plooiasco
1066 3507 1113 3587 de
1133 3507 1192 3586 his
1212 3533 1306 3610 quae
1325 3519 1453 3585 oonlra
1472 3506 1697 3608 Episcopum
1716 3521 1755 3584 et
1779 3509 1931 3586 Cornunc

435 3627 585 3706 Taurini
615 3654 818 3729 proponere
845 3627 1042 3706 voluerint.
1063 3628 1109 3706 Et
1127 3627 1379 3706 arnbasalores
1398 3625 1486 3704 Asle
1505 3638 1543 3702 el
1561 3624 1818 3705 Vercellarum
1839 3650 1930 3727 prae·

434 3758 628 3849 ceperunt,
657 3758 698 3824 ut
725 3745 826 3825 illarn
850 3745 1038 3848 justitiam
1067 3745 1216 3842 saciant,
1243 3745 1340 3826 sicul
1367 3745 1404 3823 in
1432 3743 1569 3846 scripto
1596 3743 1697 3846 pacis
1725 3743 1930 3824 continetur.

511 3865 768 3944 Inlerl'uerunt
795 3865 969 3944 Giroldus
996 3866 1042 3945 de
1069 3865 1258 3959 Prevcslo,
1290 3865 1423 3944 Petrus
1460 3863 1507 3942 de
1543 3863 1684 3943 Ciriuco
1713 3877 1751 3942 et
1783 3865 1930 3943 loannes

434 3985 657 4064 Marcinscus
684 3984 857 4063 consules
885 3985 1064 4064 Comunis
1094 3983 1245 4063 Taurini
1274 3996 1311 4064 et
1337 3983 1461 4086 plures
1497 3981 1571 4081 alii,
1600 3995 1675 4060 tarn
1712 3983 1759 4062 de
1786 3979 1929 4060 Taurino

435 4131 547 4206 quarn
576 4104 622 4182 de
651 4102 768 4199 Cario,
794 4103 841 4182 de
868 4104 1042 4200 Testona,
1069 4104 1116 4184 de
1143 4103 1334 4183 Vercellis.

508 4221 670 4303 Rufinus
699 4221 863 4302 notarius
891 4223 926 4303 S.
954 4223 1088 4303 Palatii
1115 4223 1271 4324 scripsit.
1398 4293 1401 4298 .

591 4376 790 4458 (Exemplum
820 4380 905 4438 extol
936 4377 969 4438 in
1001 4377 1039 4437 R.
1066 4376 1141 4440 Tab.
1172 4377 1368 4451 Taurinensi,
1395 4378 1559 4440 Vercoualo
1582 4377 1617 4438 cu·
1643 4377 1769 4448 rorico,
1800 4376 1878 4436 Fuso.
1899 4371 1924 4442 I,

513 4492 546 4534 n.
570 4475 598 4538 1.
621 4473 732 4535 Trans.
756 4473 885 4536 Pennus
905 4473 1045 4555 Varus).

872 4785 957 4853 ODI.
986 4824 1022 4837 -
1051 4781 1281 4857 carthusia
1309 4781 1359 4853 ds
1386 4783 1508 4855 Loris.

1148 4967 1235 5028 1200.

506 5149 671 5231 Thomas
686 5175 819 5248 comes,
831 5159 869 5228 et
882 5147 1048 5228 marchio
1062 5149 1296 5230 Carthusiam
1318 5150 1364 5229 de
1381 5151 1476 5230 Loze
1492 5124 1578 5229 curii
1596 5147 1789 5230 Carthnsia
1804 5139 1919 5224 orontis

429 5271 465 5352 S.
492 5269 687 5352 Benedicti
713 5295 825 5374 supra
847 5268 1045 5349 Villarium
1065 5268 1261 5349 Fochiardi
1290 5267 1491 5374 conjungit.

590 5423 781 5508 (Gremio,
805 5421 853 5486 Sl.
877 5423 961 5484 dello
982 5422 1067 5484 Mon.
1091 5423 1126 5486 cli
1148 5423 1236 5498 Soc,
1260 5423 1330 5488 Vol.
1355 5425 1383 5497 I,
1406 5443 1478 5502 pag.
1499 5424 1572 5502 000)
