4050 6188
463 265 541 372 222
862 308 1059 376 neonem
1089 311 1292 378 centron
1320 312 1565 380 sanaunnn

461 418 869 430 ————--—--—-—-—

461 436 510 444 -ι

536 571 724 652 Amedeus
744 599 870 652 comes
889 571 1097 653 Sebaudiae
1120 584 1158 652 et
1183 573 1222 653 in
1243 573 1351 654 ltalia
1369 573 1547 664 marchio,
1571 574 1685 654 frater
1706 573 1873 664 Thomee
1887 573 1935 653 hoc

462 691 583 794 ipsum
612 691 710 772 lecit.
740 691 868 772 Testes
895 692 1047 772 luerunt
1080 693 1268 775 Unbertus
1296 694 1342 772 de
1370 692 1551 795 Seysello,
1578 695 1712 774 Petrus
1740 694 1871 782 Carica,
1891 693 1936 772 Pe

461 821 539 890 tras
566 811 612 890 de
638 809 810 917 Alingio,
838 811 968 892 Petrus
1003 812 1049 890 de
1077 810 1252 916 Gingino,
1279 813 1507 893 Bertrandus
1531 811 1834 902 Montemeliani,
1858 813 1936 916 liuga

462 929 686 1022 Menescelli,
711 931 873 1011 lacobus
900 930 1219 1022 Pontemremblo,
1248 930 1370 1010 Gaido
1398 932 1445 1011 de
1473 931 1689 1013 Chaneleto.

537 1049 700 1130 Jacobas
725 1049 762 1128 S.
790 1048 922 1129 Palatii
950 1064 988 1128 et
1014 1047 1162 1130 comitis
1190 1050 1274 1130 Seb.
1303 1048 1470 1130 notarius
1497 1051 1652 1153 scripsit.

536 1169 658 1248 Tenor
683 1167 920 1248 instrumenti
949 1168 1160 1249 confirmati
1188 1169 1261 1248 hoc
1287 1181 1365 1249 est:

542 1322 559 1358 «
580 1288 659 1368 Odo
687 1286 867 1372 marchio,
887 1289 1066 1392 Adelagia
1093 1287 1281 1368 comitisse
1301 1295 1382 1390 ejus
1400 1297 1536 1390 conjux
1555 1316 1625 1368 nec
1645 1316 1720 1368 non
1740 1287 1939 1368 Hambertus

463 1433 589 1487 comes
617 1403 750 1486 omnes
777 1405 858 1511 lege
885 1405 997 1486 selice
1016 1405 1182 1486 viventes
1202 1409 1292 1486 dent
1310 1406 1537 1488 monasterio
1556 1407 1593 1486 S.
1615 1409 1637 1488 J
1642 1405 1712 1488 usti
1741 1406 1941 1488 Secasiensis

462 1537 632 1631 quartam
660 1537 802 1629 partem
832 1526 879 1604 de
905 1527 1126 1606 Ferrususco
1154 1553 1238 1606 cum
1260 1525 1381 1606 lendis
1400 1526 1612 1618 feudataris‚
1642 1524 1820 1622 vassallis²
1846 1525 1942 1604 stratis

464 1644 647 1749 publicio,
682 1643 859 1724 omnibus
893 1644 1096 1734 dominiis,
1129 1646 1302 1747 juribus,
1342 1645 1511 1747 imperiis
1546 1643 1751 1737 universis,
1784 1659 1941 1749 praeterea

463 1765 605 1845 donent
642 1791 816 1844 mansum
852 1764 1032 1868 Vigerum
1066 1765 1104 1844 in
1134 1764 1323 1868 praedicto
1350 1763 1555 1858 territori0‚
1584 1774 1622 1843 et
1654 1765 1801 1844 tertiam
1829 1777 1941 1866 portem

463 1883 632 1963 decimae
659 1882 784 1962 totius.
814 1883 977 1963 Traditio
1005 1884 1050 1961 fit
1074 1911 1140 1986 per
1166 1882 1361 1964 cultellum
1388 1896 1456 1962 etc.
1483 1883 1682 1963 Dominico
1701 1882 1826 1962 abbati
1853 1881 1943 1984 ipsius

465 2001 692 2082 monasterii.
722 2002 858 2082 Actum
889 2002 926 2081 in
956 2001 1102 2082 civitate
1129 2003 1318 2083 Theurina
1345 2002 1383 2082 in
1410 2015 1530 2080 castro
1549 2001 1709 2104 desuper
1735 2013 1876 2102 portem
1898 2001 1944 2078 Se·

464 2119 647 2201 casinam.
676 2122 803 2200 Testes
832 2121 1081 2201 interfuerunt
1115 2122 1310 2202 lohannes
1337 2122 1383 2200 de
1418 2120 1610 2200 Thauriuo
1644 2132 1682 2199 et
1707 2119 1892 2200 Oldericus
1913 2117 1944 2196 dr

464 2242 543 2319 Ast.
572 2239 850 2343 Athenialphus
878 2241 924 2318 de
952 2239 1106 2336 Querio,
1134 2240 1311 2320 Alhertus
1346 2240 1392 2318 de
1423 2239 1460 2318 S.
1490 2239 1658 2343 Georgio.
1696 2241 1859 2318 Borenzo
1884 2242 1944 2336 (lep.

465 2357 650 2458 Herenzo)
679 2358 845 2438 noterius
873 2369 910 2438 et
933 2360 1048 2461 judex
1075 2359 1113 2438 S.
1141 2357 1273 2438 Palatii
1300 2359 1447 2462 scripsit
1474 2383 1616 2448 narrar,
1645 2357 1726 2436 ind.
1754 2387 1802 2448 nr,
1829 2387 1860 2434 n·
1884 2355 1945 2434 lial.

463 2477 631 2556 donnarii
662 2505 760 2556 enno
788 2478 921 2557 Caredi
949 2478 1139 2580 regnantis
1166 2478 1317 2581 imperii
1346 2507 1392 2555 rr.
1415 2515 1431 2544 »

622 2647 664 2728 (lt
686 2647 725 2708 R.
750 2646 828 2708 Tab.
851 2647 1046 2708 Taurinenei.
1070 2646 1161 2708 Edid.
1185 2647 1384 2718 Saccnarm,
1407 2645 1557 2707 Memoria
1577 2647 1661 2708 della
1684 2647 1799 2709 Otiaea
1820 2648 1854 2706 aa·
1873 2647 1945 2712 aaa,
1994 2687 1995 2702 ,

547 2745 642 2816 17883
663 2742 841 2821 recognovit
861 2745 920 2805 Aa.
952 2744 1126 2805 Goacaono
1152 2743 1191 2805 V.
1216 2743 1377 2804 Garioaa'td
1404 2743 1439 2804 aa·
1468 2743 1576 2804 Storia
1602 2743 1789 2821 Saabalm'aa,
1820 2745 1898 2804 1881.
1921 2775 1947 2787 -

543 2840 693 2904 (thartam
728 2841 897 2904 Tarracone
924 2841 1089 2903 confictam
1116 2840 1249 2914 habuit;
1279 2859 1369 2902 nemo
1400 2859 1473 2902 sane
1502 2860 1570 2902 eam
1596 2841 1880 2918 depravatissimam
1902 2857 1945 2899 nor
1994 2853 1995 2858 ¹

540 2937 699 3002 fatebitur.
732 2938 841 3000 Foedis
865 2938 1155 3019 interpolationibus
1175 2941 1289 3000 scatet:
1306 2937 1431 3016 feadia,
1448 2937 1661 3016 feudatariis,
1682 2939 1843 3010 vassallis,
1863 2937 1946 2998 aaut

535 3035 682 3113 psallitis,
704 3036 845 3114 imperiae
865 3037 1031 3112 calcearia.
1049 3036 1099 3096 Nil
1114 3037 1146 3095 in
1162 3035 1312 3096 comitatu
1333 3034 1518 3097 Taurinenei
1540 3034 1652 3096 donare
1666 3035 1769 3114 potuit
1784 3035 1946 3097 Hanlcrtu

540 3150 656 3209 comm
673 3133 831 3195 Oddonem
844 3139 873 3196 et
889 3133 1072 3194 Umbertum
1087 3134 1103 3194 Ι
1118 3133 1212 3209 legem
1226 3133 1357 3193 salicam
1371 3131 1520 3210 professos
1534 3131 1627 3194 inisse
1641 3151 1704 3193 non
1718 3136 1853 3206 constat,
1865 3135 1946 3191 contu

540 3247 644 3291 eorum
659 3249 844 3293 successores
858 3230 953 3308 legem
965 3249 1126 3291 romanam
1141 3229 1274 3307 profiteri
1288 3231 1397 3290 notum
1411 3233 1465 3290 eet.
1477 3228 1551 3292 Dies
1563 3249 1597 3290 rv
1613 3228 1793 3290 alrelendae
1809 3227 1946 3289 lanuarias

539 3345 591 3388 aa.
614 3345 746 3401 cxxxv,
768 3331 799 3390 et
819 3328 890 3389 Ine.
914 3348 953 3389 rrr
981 3327 1020 3388 ed
1045 3328 1124 3388 diem
1146 3345 1234 3386 xxix
1256 3327 1368 3388 mensis
1389 3326 1556 3388 decembris
1577 3345 1712 3386 uxxxrv
1734 3346 1793 3388 noe
1814 3329 1946 3388 revocant.

539 3427 571 3484 at
591 3415 614 3482 n
634 3423 698 3486 kal.
722 3424 794 3486 Jau.
819 3442 935 3486 ccxxxv
959 3423 1092 3485 Olderrci
1114 3423 1267 3484 Manlredi
1288 3423 1388 3483 filium
1409 3422 1514 3484 adhuc
1529 3423 1561 3484 in
1583 3424 1662 3485 vivia
1676 3443 1738 3485 ease
1758 3421 1947 3484 ordenatione

539 3520 662 3582 Sulredi
675 3521 844 3602 presbyteri
866 3521 1082 3601 comperimus.
1105 3519 1172 3593 Qua
1193 3519 1229 3580 de
1247 3539 1279 3580 re
1300 3518 1386 3592 Ode,
1408 3519 1435 3580 ei
1452 3522 1518 3598 jam
1539 3518 1695 3582 Adelaidie
1715 3522 1832 3599 conjux
1852 3519 1946 3580 tutat.

539 3618 748 3680 marchionali
776 3619 927 3697 dignitate
962 3617 1119 3697 praeditus
1153 3621 1233 3678 certo
1265 3635 1328 3677 non
1357 3619 1433 3678 erat.
1467 3620 1560 3678 Anno
1593 3635 1729 3678 mxxxvi
1760 3617 1948 3680 Herimauuue

539 3714 705 3777 Sacrorum
726 3715 787 3776 dax
809 3733 949 3779 marcam
970 3715 1049 3776 eocri
1071 3715 1120 3776 eui
1142 3713 1276 3776 Olderici
1296 3713 1450 3775 Maniredi
1470 3714 1510 3775 ab
1530 3713 1711 3794 imperatore
1737 3715 1872 3795 aceepit,
1891 3711 1947 3772 lte

538 3810 627 3873 laidia
653 3814 819 3892 maritus).

621 4206 735 4272 novt.
769 4247 800 4257 -
828 4203 1147 4276 Hatrimoninm
1175 4203 1349 4277 Heni-iol
1376 4207 1440 4279 111
1465 4204 1581 4298 recl·
1607 4204 1807 4299 Augllae.

897 4403 987 4478 mec,
1010 4403 1048 4462 22
1067 4401 1097 4462 e.
1122 4401 1223 4467 annii.
1246 4402 1336 4481 spur
1357 4403 1535 4466 uaesano.

532 4585 716 4668 Henricus
742 4589 793 4670 III
821 4616 884 4668 rex
911 4586 1068 4692 Angliee
1102 4587 1271 4667 Amedeo
1306 4585 1434 4667 comiti
1463 4585 1672 4667 Sebaudiee
1704 4615 1746 4666 ac
1773 4584 1945 4668 Willelno

456 4705 573 4786 electo
594 4707 796 4790 Valentino
817 4708 968 4788 nuntiat
992 4736 1031 4787 se
1060 4707 1243 4787 initurum
1263 4733 1343 4786 esse
1368 4707 1649 4788 matrimonium
1671 4734 1757 4786 cum
1781 4721 1886 4811 nepte
1902 4729 1945 4782 so

455 4824 548 4905 roris
570 4826 733 4924 illorum,
749 4828 968 4909 Comitissee
982 4827 1199 4907 Provinciae
1220 4825 1307 4905 lilia.
1323 4827 1604 4905 Commemorat
1620 4825 1826 4907 amicitiam
1847 4848 1945 4930 proge

456 4945 621 5028 nitorum
650 4946 763 5050 ipsius
791 4947 890 5052 regis
918 4976 960 5028 ac
987 4946 1196 5027 Seheudiee
1224 4945 1384 5040 comitia,
1404 4971 1517 5049 qaam
1546 4947 1683 5026 arctius
1702 4945 1837 5027 luloire
1858 4941 1943 5044 cupil-

613 5115 757 5199 (Bracara,
780 5118 865 5179 Acta
879 5115 977 5194 pulla.
1001 5116 1079 5190 1,1,
1105 5116 1187 5194 118).
