4050 6188
437 365 614 434 THOMAS
642 360 938 430 IMPERATORIS
965 359 1163 428 tacitos
1496 359 1561 422 181

1398 489 1568 497 ——.

376 715 609 785 cccxxxix.
648 753 692 764 -
728 708 978 782 Ecclesia
1013 711 1051 782 S.
1086 708 1240 781 dorii.

454 910 541 982 1226,
565 911 603 969 20
626 907 798 972 Februarii.
820 907 893 969 Ind.
917 925 991 968 x1v.
1015 907 1048 968 S.
1072 906 1163 968 Jorii.

122 1092 375 1173 NotitiaCom
390 1092 554 1170 Thomas
574 1117 700 1169 comes
716 1089 930 1169 Sabandiae
949 1100 988 1170 ct
1005 1091 1043 1170 in
1061 1090 1169 1170 ltalia
1185 1089 1365 1179 marchio,
1380 1103 1418 1169 et
1433 1117 1565 1170 omnes

55 1212 223 1293 homines
242 1211 288 1291 de
307 1211 343 1291 S.
361 1211 466 1290 dorio
484 1221 612 1289 essent
629 1210 675 1288 ad
695 1207 897 1288 consilium
919 1208 956 1288 in
977 1209 1133 1290 Molario
1151 1209 1222 1288 snb
1241 1208 1398 1289 ecclesia
1412 1211 1448 1290 S.
1462 1211 1569 1300 dorii,
1673 1203 1675 1211 ⁴

54 1343 91 1409 nt
117 1331 155 1410 in
184 1330 250 1410 illo
277 1330 435 1409 molario
463 1328 703 1408 edificaretur
730 1327 826 1407 Villa
861 1355 967 1422 nova,
996 1357 1117 1408 imum
1146 1339 1327 1431 ceperunt
1355 1328 1569 1420 consilinm,

54 1463 91 1529 nt
107 1450 239 1529 darent
257 1448 437 1532 ecclesiae
457 1451 492 1530 S.
522 1448 669 1554 Georgii
693 1446 891 1527 denarium
918 1475 1035 1527 unum
1055 1448 1248 1527 annuatim
1271 1447 1318 1528 de
1346 1449 1503 1528 servicio
1531 1448 1569 1528 in

55 1597 275 1673 unoquoquo
311 1571 435 1650 casale
468 1569 533 1674 qni
569 1569 619 1648 ibi
649 1568 889 1648 aedificatum
927 1569 1048 1655 inerit,
1081 1568 1226 1648 scilicet
1253 1567 1291 1647 in
1320 1568 1420 1648 Villa
1455 1597 1569 1667 nova3

53 1691 198 1792 dequo
232 1701 394 1769 rectores
423 1690 603 1769 ecclesiae
631 1688 767 1768 iaciant
794 1686 978 1790 quidquid
999 1687 1087 1788 ipsis
1113 1687 1318 1776 videbitur,
1351 1691 1432 1768 sine
1466 1689 1571 1769 omni

52 1807 345 1888 contradictione
372 1809 518 1888 domini
546 1809 714 1886 Thomae
742 1806 890 1886 comitis
910 1818 947 1884 et
966 1807 1139 1885 omnium
1169 1805 1327 1886 aliorum
1358 1806 1572 1886 hominum.

122 1928 271 2007 Testes:
299 1927 513 2007 Villielmus
541 1927 715 2006 sacerdos
743 1927 806 2028 qui
836 1917 1079 2004 donationem
1118 1954 1139 2004 a
1172 1937 1273 2028 parte
1302 1924 1480 2006 ecclesiae
1512 1954 1571 2006 ac-

48 2047 153 2152 eepit,
183 2047 401 2127 Villielmns
429 2047 476 2126 dc
503 2047 647 2143 Balma,
675 2044 936 2125 Bertraminus
956 2044 1002 2124 de
1019 2047 1145 2124 Monte
1165 2045 1319 2124 Meliant
1344 2046 1572 2127 castellanus

46 2166 237 2263 Secusiae‚
265 2167 397 2247 Petrus
417 2166 711 2262 Bartolomaeta‚
732 2166 864 2244 Petrus
884 2166 931 2244 de
955 2166 1161 2256 Chanosco,
1182 2165 1362 2245 dominns
1381 2165 1572 2246 Viffredos

50 2285 177 2366 etalii
209 2286 344 2386 plores.

122 2404 321 2484 Johanncs
349 2406 385 2485 S.
405 2404 537 2484 Palatii
567 2404 735 2484 notarius
754 2404 911 2507 scripsit.

210 2557 253 2630 (tt
265 2558 303 2619 R.
316 2557 394 2619 Teb.
407 2557 605 2631 Tauricana,
619 2557 713 2629 Suco,
730 2553 822 2618 Fero.
838 2557 870 2628 t,
888 2557 920 2619 S.
938 2558 1058 2630 Giorio,
1074 2576 1106 2618 n.
1124 2561 1140 2617 1
1156 2557 1367 2638 Transcripeit
1381 2560 1416 2620 P.
1430 2559 1572 2638 Virri).

183 2867 312 2937 CDXO.
341 2906 376 2915 -
405 2864 587 2936 'rhomen
612 2861 815 2935 vicarius
841 2860 1083 2950 Imperielta
1110 2861 1246 2936 totius
1271 2863 1441 2936 Italiae.

699 3047 788 3120 laea,
811 3049 829 3106 5
850 3044 940 3106 Mati.

118 3230 341 3312 Fridericus
370 3231 414 3327 Il,
443 3231 698 3310 Romanorum
723 3219 937 3331 imperatori
956 3229 1141 3308 Thomam
1162 3231 1340 3310 comitem
1362 3233 1574 3314 Sabandiae

50 3347 244 3429 Vicarinm
274 3349 504 3453 imperialem
535 3349 648 3428 totius
677 3346 804 3426 ltaliae
824 3359 862 3424 et
889 3347 1063 3426 Marchae
1091 3348 1322 3448 Trivigianae
1357 3352 1561 3432 constitnit.

211 3503 255 3581 (Ε
278 3503 317 3564 R.
341 3503 417 3565 Tob.
440 3501 636 3573 Teurinenai,
659 3501 748 3562 Gom.
769 3501 876 3578 Gomp.
901 3498 1053 3561 Soritture
1073 3502 1122 3580 pei
1142 3501 1236 3574 feudi,
1259 3502 1370 3563 Macro
1391 3503 1430 3564 P.
1455 3505 1498 3568 tf.
1524 3505 1576 3566 01-

122 3618 267 3675 enimc,
291 3601 399 3663 stata
421 3602 505 3661 dello
529 3599 714 3662 Monarctic
736 3598 771 3658 dt
793 3596 919 3668 scroto,
940 3595 1021 3674 I,.p.
1045 3597 1129 3675 284).

481 3889 604 3954 CDXO.
638 3928 670 3936 -
699 3887 841 3958 Saone
869 3888 913 3956 et
941 3883 1144 3978 Atbtngc.

774 4070 860 4130 1226.

116 4253 296 4331 Thomas
322 4279 448 4332 comcs
477 4251 696 4344 Sabaudiaa
725 4253 779 4332 nti
811 4253 983 4334 Vicarins
1024 4254 1241 4359 imperialis,
1269 4261 1413 4338 Sacnae
1442 4274 1479 4339 et
1507 4263 1575 4341 At-

38 4371 188 4477 hingae
221 4369 437 4450 dominium
467 4373 513 4451 ad
542 4383 689 4474 tempus
719 4373 861 4476 accipit.

214 4541 409 4698 (Oraaanr20,
434 4541 562 4622 Orioioe
582 4545 771 4622 corcyreoci
791 4545 875 4606 detta
897 4545 1081 4606 Mocerctia
1103 4547 1138 4608 dt
1154 4547 1283 4622 Βαναία,
1302 4549 1454 4628 Specohio
1470 4569 1578 4613 crono-

122 4640 248 4718 logico‚
272 4657 344 4720 pag.
388 4641 432 4719 t).

101 4931 265 5000 CDXCI.
294 4969 328 4980 -
358 4929 540 5000 Thomu
565 4932 842 5019 rmpcrctort·
867 4930 1040 5026 legetur
1065 4953 1141 5022 per
1166 4938 1305 5008 totam
1332 4936 1519 5010 Italiam.

689 5118 777 5189 1226,
800 5116 870 5177 Ind.
896 5136 953 5176 xv.

116 5297 301 5378 Thomas
330 5321 456 5374 comes
483 5295 694 5376 Sabandine
713 5308 751 5376 et
770 5299 937 5379 marchio
956 5299 994 5378 in
1015 5299 1120 5380 Italia
1139 5316 1250 5405 atque
1270 5302 1414 5408 legatas
1435 5301 1579 5384 domini

34 5417 62 5496 F
66 5414 234 5496 riderici
266 5415 523 5495 Romanorum
552 5415 785 5518 imperatoris
814 5447 879 5523 per
906 5431 1022 5500 totam
1042 5421 1191 5501 ltaliam
1208 5434 1245 5500 et
1265 5423 1475 5504 marchiam
1501 5424 1580 5506 Tri·
1610 5419 1612 5432 '
