<?xml version="1.0" encoding="UTF-8"?>
<!DOCTYPE html PUBLIC "-//W3C//DTD XHTML 1.0 Transitional//EN"
    "http://www.w3.org/TR/xhtml1/DTD/xhtml1-transitional.dtd">
<html xmlns="http://www.w3.org/1999/xhtml" xml:lang="en" lang="en">
 <head>
  <title>
</title>
<meta http-equiv="Content-Type" content="text/html;charset=utf-8" />
  <meta name='ocr-system' content='tesseract 3.04.00' />
  <meta name='ocr-capabilities' content='ocr_page ocr_carea ocr_par ocr_line ocrx_word'/>
</head>
<body>
  <div class='ocr_page' id='page_1' title='image "./regestacomitums00carugoog_0308.png"; bbox 0 0 4096 6190; ppageno 0'>
   <div class='ocr_carea' id='block_1_1' title="bbox 596 391 1626 474">
    <p class='ocr_par' dir='ltr' id='par_1_1' title="bbox 596 391 1626 474">
     <span class='ocr_line' id='line_1_1' title="bbox 596 391 1626 474; baseline 0 -16"><span class='ocrx_word' id='word_1_1' title='bbox 596 391 818 474; x_wconf 74' lang='lat' dir='ltr'>Jaoaaros</span> <span class='ocrx_word' id='word_1_2' title='bbox 845 393 901 460; x_wconf 82' lang='lat' dir='ltr'>Da</span> <span class='ocrx_word' id='word_1_3' title='bbox 929 393 1151 460; x_wconf 74' lang='lat' dir='ltr'>ESTAVEYE</span> <span class='ocrx_word' id='word_1_4' title='bbox 1557 392 1626 463; x_wconf 73' lang='grc'>291</span> 
     </span>
    </p>
   </div>
   <div class='ocr_carea' id='block_1_2' title="bbox 117 503 317 532">
    <p class='ocr_par' dir='ltr' id='par_1_2' title="bbox 117 503 317 532">
     <span class='ocr_line' id='line_1_2' title="bbox 117 503 317 516; baseline 0 -4"><span class='ocrx_word' id='word_1_5' title='bbox 117 503 317 516; x_wconf 69' lang='lat' dir='ltr'>n———n</span> 
     </span>
     <span class='ocr_line' id='line_1_3' title="bbox 117 519 317 532; baseline 0.01 -1"><span class='ocrx_word' id='word_1_6' title='bbox 117 519 317 532; x_wconf 69' lang='lat'>——-——-</span> 
     </span>
    </p>
   </div>
   <div class='ocr_carea' id='block_1_3' title="bbox 253 801 1493 894">
    <p class='ocr_par' dir='ltr' id='par_1_3' title="bbox 253 801 1493 894">
     <span class='ocr_line' id='line_1_4' title="bbox 253 801 1493 894; baseline 0.002 -25"><span class='ocrx_word' id='word_1_7' title='bbox 253 805 496 874; x_wconf 84' lang='lat' dir='ltr'>DCCCXLVII.</span> <span class='ocrx_word' id='word_1_8' title='bbox 527 845 561 854; x_wconf 92' lang='lat'><em>-</em></span> <span class='ocrx_word' id='word_1_9' title='bbox 591 801 765 874; x_wconf 81' lang='lat' dir='ltr'>Eenrioi</span> <span class='ocrx_word' id='word_1_10' title='bbox 792 803 856 873; x_wconf 93' lang='lat'>111</span> <span class='ocrx_word' id='word_1_11' title='bbox 881 802 1067 894; x_wconf 67' lang='lat' dir='ltr'>Angliac</span> <span class='ocrx_word' id='word_1_12' title='bbox 1094 803 1210 894; x_wconf 67' lang='lat' dir='ltr'>regia</span> <span class='ocrx_word' id='word_1_13' title='bbox 1238 803 1493 876; x_wconf 75' lang='lat' dir='ltr'>mandatum.</span> 
     </span>
    </p>
   </div>
   <div class='ocr_carea' id='block_1_4' title="bbox 540 999 1286 1078">
    <p class='ocr_par' dir='ltr' id='par_1_4' title="bbox 540 999 1286 1078">
     <span class='ocr_line' id='line_1_5' title="bbox 540 999 1286 1078; baseline 0.003 -18"><span class='ocrx_word' id='word_1_14' title='bbox 540 1003 629 1072; x_wconf 89' lang='grc'>1251,</span> <span class='ocrx_word' id='word_1_15' title='bbox 652 1003 690 1064; x_wconf 86' lang='grc'>26</span> <span class='ocrx_word' id='word_1_16' title='bbox 711 1002 741 1062; x_wconf 89' lang='grc'>(1.</span> <span class='ocrx_word' id='word_1_17' title='bbox 766 1001 921 1063; x_wconf 80' lang='lat' dir='ltr'>Januarii.</span> <span class='ocrx_word' id='word_1_18' title='bbox 944 1000 1037 1078; x_wconf 84' lang='lat' dir='ltr'><strong>Apud</strong></span> <span class='ocrx_word' id='word_1_19' title='bbox 1056 999 1212 1064; x_wconf 80' lang='lat' dir='ltr'>Windaor.</span> <span class='ocrx_word' id='word_1_20' title='bbox 1284 1071 1286 1075; x_wconf 18' lang='lat'>⁸</span> 
     </span>
    </p>
   </div>
   <div class='ocr_carea' id='block_1_5' title="bbox 116 1163 1632 1734">
    <p class='ocr_par' dir='ltr' id='par_1_5' title="bbox 116 1163 1632 1734">
     <span class='ocr_line' id='line_1_6' title="bbox 171 1163 1631 1286; baseline 0.001 -29"><span class='ocrx_word' id='word_1_21' title='bbox 171 1178 354 1260; x_wconf 89' lang='lat' dir='ltr'>Henrious</span> <span class='ocrx_word' id='word_1_22' title='bbox 382 1180 431 1260; x_wconf 90' lang='lat'>111</span> <span class='ocrx_word' id='word_1_23' title='bbox 460 1206 523 1257; x_wconf 80' lang='lat' dir='ltr'>raa</span> <span class='ocrx_word' id='word_1_24' title='bbox 542 1177 697 1282; x_wconf 83' lang='lat' dir='ltr'>Angliaa</span> <span class='ocrx_word' id='word_1_25' title='bbox 727 1180 861 1260; x_wconf 80' lang='grc'>(155555</span> <span class='ocrx_word' id='word_1_26' title='bbox 882 1163 1103 1260; x_wconf 77' lang='lat' dir='ltr'>Brahantiae</span> <span class='ocrx_word' id='word_1_27' title='bbox 1123 1192 1236 1286; x_wconf 80' lang='lat' dir='ltr'>rogat,</span> <span class='ocrx_word' id='word_1_28' title='bbox 1257 1192 1434 1282; x_wconf 87' lang='lat' dir='ltr'>utusque</span> <span class='ocrx_word' id='word_1_29' title='bbox 1452 1179 1492 1258; x_wconf 93' lang='lat' dir='ltr'>in</span> <span class='ocrx_word' id='word_1_30' title='bbox 1512 1207 1631 1260; x_wconf 89' lang='lat' dir='ltr'>unum</span> 
     </span>
     <span class='ocr_line' id='line_1_7' title="bbox 117 1298 1631 1404; baseline 0.001 -28"><span class='ocrx_word' id='word_1_31' title='bbox 117 1325 287 1378; x_wconf 87' lang='lat' dir='ltr'>mensem</span> <span class='ocrx_word' id='word_1_32' title='bbox 330 1313 412 1402; x_wconf 89' lang='lat' dir='ltr'>post</span> <span class='ocrx_word' id='word_1_33' title='bbox 449 1299 591 1378; x_wconf 77' lang='lat' dir='ltr'>Pascha</span> <span class='ocrx_word' id='word_1_34' title='bbox 632 1300 821 1404; x_wconf 82' lang='lat' dir='ltr'>negotium</span> <span class='ocrx_word' id='word_1_35' title='bbox 860 1301 1054 1401; x_wconf 87' lang='lat' dir='ltr'>cujusdam</span> <span class='ocrx_word' id='word_1_36' title='bbox 1098 1298 1327 1378; x_wconf 81' lang='lat' dir='ltr'>matrimonii</span> <span class='ocrx_word' id='word_1_37' title='bbox 1371 1299 1556 1404; x_wconf 75' lang='lat' dir='ltr'>designati</span> <span class='ocrx_word' id='word_1_38' title='bbox 1592 1299 1631 1377; x_wconf 92' lang='lat' dir='ltr'>in</span> 
     </span>
     <span class='ocr_line' id='line_1_8' title="bbox 118 1418 1632 1522; baseline 0.001 -28"><span class='ocrx_word' id='word_1_39' title='bbox 118 1444 299 1520; x_wconf 84' lang='lat' dir='ltr'>suspenso</span> <span class='ocrx_word' id='word_1_40' title='bbox 327 1431 465 1511; x_wconf 86' lang='lat' dir='ltr'>teneat,</span> <span class='ocrx_word' id='word_1_41' title='bbox 491 1418 542 1497; x_wconf 90' lang='lat' dir='ltr'>ita</span> <span class='ocrx_word' id='word_1_42' title='bbox 562 1430 604 1497; x_wconf 94' lang='lat' dir='ltr'>ut</span> <span class='ocrx_word' id='word_1_43' title='bbox 621 1419 753 1498; x_wconf 88' lang='lat' dir='ltr'>Petrus</span> <span class='ocrx_word' id='word_1_44' title='bbox 774 1419 819 1498; x_wconf 92' lang='grc'>(15</span> <span class='ocrx_word' id='word_1_45' title='bbox 839 1419 1025 1498; x_wconf 76' lang='lat' dir='ltr'>Sabaurlia</span> <span class='ocrx_word' id='word_1_46' title='bbox 1050 1419 1218 1519; x_wconf 88' lang='lat' dir='ltr'>ejusdam</span> <span class='ocrx_word' id='word_1_47' title='bbox 1240 1430 1417 1497; x_wconf 86' lang='lat' dir='ltr'>tractatus</span> <span class='ocrx_word' id='word_1_48' title='bbox 1438 1420 1632 1522; x_wconf 79' lang='lat' dir='ltr'>particeps</span> 
     </span>
     <span class='ocr_line' id='line_1_9' title="bbox 116 1534 1630 1642; baseline 0.002 -29"><span class='ocrx_word' id='word_1_49' title='bbox 116 1534 258 1637; x_wconf 88' lang='lat' dir='ltr'>quique</span> <span class='ocrx_word' id='word_1_50' title='bbox 287 1537 457 1615; x_wconf 91' lang='lat' dir='ltr'>nondum</span> <span class='ocrx_word' id='word_1_51' title='bbox 486 1536 532 1616; x_wconf 90' lang='grc'>(15</span> <span class='ocrx_word' id='word_1_52' title='bbox 559 1537 727 1639; x_wconf 86' lang='lat' dir='ltr'>partibus</span> <span class='ocrx_word' id='word_1_53' title='bbox 754 1537 965 1617; x_wconf 84' lang='lat' dir='ltr'>Sabaudiae</span> <span class='ocrx_word' id='word_1_54' title='bbox 984 1565 1154 1616; x_wconf 88' lang='lat' dir='ltr'>reversus</span> <span class='ocrx_word' id='word_1_55' title='bbox 1182 1551 1248 1622; x_wconf 88' lang='grc'>551,</span> <span class='ocrx_word' id='word_1_56' title='bbox 1277 1537 1323 1615; x_wconf 89' lang='lat' dir='ltr'>ad</span> <span class='ocrx_word' id='word_1_57' title='bbox 1351 1537 1473 1640; x_wconf 88' lang='lat' dir='ltr'>ipsum</span> <span class='ocrx_word' id='word_1_58' title='bbox 1504 1564 1630 1642; x_wconf 87' lang='lat' dir='ltr'>regem</span> 
     </span>
     <span class='ocr_line' id='line_1_10' title="bbox 117 1654 257 1734; baseline -0.029 -2"><span class='ocrx_word' id='word_1_59' title='bbox 117 1654 257 1734; x_wconf 82' lang='lat' dir='ltr'>redeat.</span> 
     </span>
    </p>
   </div>
   <div class='ocr_carea' id='block_1_6' title="bbox 281 1806 925 1888">
    <p class='ocr_par' dir='ltr' id='par_1_6' title="bbox 281 1806 925 1888">
     <span class='ocr_line' id='line_1_11' title="bbox 281 1806 925 1888; baseline 0.006 -22"><span class='ocrx_word' id='word_1_60' title='bbox 281 1806 426 1888; x_wconf 76' lang='lat' dir='ltr'>(Rauen,</span> <span class='ocrx_word' id='word_1_61' title='bbox 448 1810 531 1869; x_wconf 79' lang='lat' dir='ltr'>Aera</span> <span class='ocrx_word' id='word_1_62' title='bbox 552 1808 663 1869; x_wconf 73' lang='lat' dir='ltr'>Pactu</span> <span class='ocrx_word' id='word_1_63' title='bbox 686 1809 714 1880; x_wconf 92' lang='lat' dir='ltr'>I,</span> <span class='ocrx_word' id='word_1_64' title='bbox 737 1828 768 1887; x_wconf 85' lang='lat' dir='ltr'>p.</span> <span class='ocrx_word' id='word_1_65' title='bbox 791 1810 820 1882; x_wconf 91' lang='lat'>1,</span> <span class='ocrx_word' id='word_1_66' title='bbox 845 1811 925 1886; x_wconf 83' lang='grc'>163).</span> 
     </span>
    </p>
   </div>
   <div class='ocr_carea' id='block_1_7' title="bbox 280 1923 286 1932">
    <p class='ocr_par' dir='ltr' id='par_1_7' title="bbox 280 1923 286 1932">
     <span class='ocr_line' id='line_1_12' title="bbox 280 1923 286 1932; baseline 0 0"><span class='ocrx_word' id='word_1_67' title='bbox 280 1923 286 1932; x_wconf 63' lang='grc' dir='ltr'>ι</span> 
     </span>
    </p>
   </div>
   <div class='ocr_carea' id='block_1_8' title="bbox 491 2164 1265 2236">
    <p class='ocr_par' dir='ltr' id='par_1_8' title="bbox 491 2164 1265 2236">
     <span class='ocr_line' id='line_1_13' title="bbox 491 2164 1265 2236; baseline 0.004 -7"><span class='ocrx_word' id='word_1_68' title='bbox 491 2164 753 2232; x_wconf 85' lang='lat' dir='ltr'>DCCCXLVIII.</span> <span class='ocrx_word' id='word_1_69' title='bbox 781 2205 831 2216; x_wconf 91' lang='lat'>--</span> <span class='ocrx_word' id='word_1_70' title='bbox 860 2164 1054 2236; x_wconf 71' lang='lat' dir='ltr'>Castrum</span> <span class='ocrx_word' id='word_1_71' title='bbox 1082 2164 1265 2236; x_wconf 71' lang='grc'>(151155.</span> 
     </span>
    </p>
   </div>
   <div class='ocr_carea' id='block_1_9' title="bbox 601 2359 1168 2431">
    <p class='ocr_par' dir='ltr' id='par_1_9' title="bbox 601 2359 1168 2431">
     <span class='ocr_line' id='line_1_14' title="bbox 601 2359 1168 2431; baseline 0.004 -14"><span class='ocrx_word' id='word_1_72' title='bbox 601 2361 688 2431; x_wconf 93' lang='grc'>1251,</span> <span class='ocrx_word' id='word_1_73' title='bbox 711 2377 812 2420; x_wconf 87' lang='lat' dir='ltr'>mansa</span> <span class='ocrx_word' id='word_1_74' title='bbox 834 2359 995 2421; x_wconf 81' lang='lat' dir='ltr'>Januario.</span> <span class='ocrx_word' id='word_1_75' title='bbox 1020 2359 1168 2425; x_wconf 87' lang='lat' dir='ltr'>Malduni.</span> 
     </span>
    </p>
   </div>
   <div class='ocr_carea' id='block_1_10' title="bbox 117 2539 1637 2766">
    <p class='ocr_par' dir='ltr' id='par_1_10' title="bbox 117 2539 1637 2766">
     <span class='ocr_line' id='line_1_15' title="bbox 196 2539 1634 2648; baseline 0.006 -30"><span class='ocrx_word' id='word_1_76' title='bbox 196 2539 416 2641; x_wconf 84' lang='lat' dir='ltr'>Rodolphns</span> <span class='ocrx_word' id='word_1_77' title='bbox 443 2540 490 2619; x_wconf 92' lang='lat' dir='ltr'>de</span> <span class='ocrx_word' id='word_1_78' title='bbox 518 2540 595 2619; x_wconf 88' lang='lat' dir='ltr'>Roa</span> <span class='ocrx_word' id='word_1_79' title='bbox 623 2542 738 2620; x_wconf 89' lang='lat' dir='ltr'>donat</span> <span class='ocrx_word' id='word_1_80' title='bbox 765 2552 927 2620; x_wconf 81' lang='lat' dir='ltr'>castrum</span> <span class='ocrx_word' id='word_1_81' title='bbox 954 2542 1000 2621; x_wconf 91' lang='grc'>(15</span> <span class='ocrx_word' id='word_1_82' title='bbox 1027 2543 1103 2621; x_wconf 88' lang='lat' dir='ltr'>Rca</span> <span class='ocrx_word' id='word_1_83' title='bbox 1131 2543 1240 2622; x_wconf 89' lang='lat' dir='ltr'>Petro</span> <span class='ocrx_word' id='word_1_84' title='bbox 1267 2543 1313 2620; x_wconf 91' lang='grc'>(15</span> <span class='ocrx_word' id='word_1_85' title='bbox 1340 2543 1540 2641; x_wconf 84' lang='lat' dir='ltr'>Sabaudia,</span> <span class='ocrx_word' id='word_1_86' title='bbox 1570 2547 1634 2648; x_wconf 87' lang='lat' dir='ltr'>qui</span> 
     </span>
     <span class='ocr_line' id='line_1_16' title="bbox 117 2657 1637 2766; baseline 0.006 -30"><span class='ocrx_word' id='word_1_87' title='bbox 117 2657 366 2761; x_wconf 88' lang='lat' dir='ltr'>Rodulphnm</span> <span class='ocrx_word' id='word_1_88' title='bbox 395 2659 441 2737; x_wconf 92' lang='grc'>(15</span> <span class='ocrx_word' id='word_1_89' title='bbox 470 2686 514 2737; x_wconf 92' lang='lat' dir='ltr'>eo</span> <span class='ocrx_word' id='word_1_90' title='bbox 543 2660 695 2739; x_wconf 74' lang='lat' dir='ltr'>investit</span> <span class='ocrx_word' id='word_1_91' title='bbox 721 2688 808 2739; x_wconf 92' lang='lat' dir='ltr'>cum</span> <span class='ocrx_word' id='word_1_92' title='bbox 837 2660 924 2740; x_wconf 81' lang='lat' dir='ltr'>villa</span> <span class='ocrx_word' id='word_1_93' title='bbox 952 2664 999 2740; x_wconf 88' lang='lat' dir='ltr'>de</span> <span class='ocrx_word' id='word_1_94' title='bbox 1027 2661 1264 2758; x_wconf 86' lang='lat' dir='ltr'>Prcmascns,</span> <span class='ocrx_word' id='word_1_95' title='bbox 1285 2661 1415 2766; x_wconf 85' lang='lat' dir='ltr'>illique</span> <span class='ocrx_word' id='word_1_96' title='bbox 1433 2666 1505 2745; x_wconf 97' lang='lat' dir='ltr'>XX</span> <span class='ocrx_word' id='word_1_97' title='bbox 1524 2664 1637 2746; x_wconf 89' lang='lat' dir='ltr'>libras</span> 
     </span>
    </p>
   </div>
   <div class='ocr_carea' id='block_1_11' title="bbox 116 2779 1758 3000">
    <p class='ocr_par' dir='ltr' id='par_1_11' title="bbox 116 2779 1758 3000">
     <span class='ocr_line' id='line_1_17' title="bbox 116 2779 1635 2884; baseline 0.005 -28"><span class='ocrx_word' id='word_1_98' title='bbox 116 2804 266 2856; x_wconf 87' lang='lat' dir='ltr'>annuas</span> <span class='ocrx_word' id='word_1_99' title='bbox 294 2779 553 2858; x_wconf 86' lang='lat' dir='ltr'>Lausanneses</span> <span class='ocrx_word' id='word_1_100' title='bbox 581 2779 754 2884; x_wconf 85' lang='lat' dir='ltr'>assignat.</span> <span class='ocrx_word' id='word_1_101' title='bbox 783 2779 853 2860; x_wconf 91' lang='lat' dir='ltr'>Pro</span> <span class='ocrx_word' id='word_1_102' title='bbox 881 2779 1019 2883; x_wconf 87' lang='lat' dir='ltr'>quibus</span> <span class='ocrx_word' id='word_1_103' title='bbox 1045 2779 1263 2884; x_wconf 88' lang='lat' dir='ltr'>Rodclphus</span> <span class='ocrx_word' id='word_1_104' title='bbox 1290 2809 1330 2861; x_wconf 90' lang='grc'>55</span> <span class='ocrx_word' id='word_1_105' title='bbox 1358 2783 1554 2863; x_wconf 84' lang='lat' dir='ltr'>hominem</span> <span class='ocrx_word' id='word_1_106' title='bbox 1584 2785 1635 2865; x_wconf 94' lang='lat' dir='ltr'>li-</span> 
     </span>
     <span class='ocr_line' id='line_1_18' title="bbox 117 2895 1758 3000; baseline 0.004 -26"><span class='ocrx_word' id='word_1_107' title='bbox 117 2895 228 3000; x_wconf 82' lang='lat' dir='ltr'>gium</span> <span class='ocrx_word' id='word_1_108' title='bbox 256 2895 356 2976; x_wconf 88' lang='lat' dir='ltr'>Petri</span> <span class='ocrx_word' id='word_1_109' title='bbox 382 2901 622 2998; x_wconf 78' lang='lat' dir='ltr'>recognoscit.</span> <span class='ocrx_word' id='word_1_110' title='bbox 1755 2895 1758 2904; x_wconf 51' lang='lat'><strong>⁴</strong></span> 
     </span>
    </p>
   </div>
   <div class='ocr_carea' id='block_1_12' title="bbox 284 3065 1380 3152">
    <p class='ocr_par' dir='ltr' id='par_1_12' title="bbox 284 3065 1380 3152">
     <span class='ocr_line' id='line_1_19' title="bbox 284 3065 1380 3152; baseline 0.007 -27"><span class='ocrx_word' id='word_1_111' title='bbox 284 3065 325 3148; x_wconf 86' lang='grc' dir='ltr'>(Ε</span> <span class='ocrx_word' id='word_1_112' title='bbox 348 3067 386 3126; x_wconf 89' lang='lat' dir='ltr'>R.</span> <span class='ocrx_word' id='word_1_113' title='bbox 411 3066 487 3128; x_wconf 75' lang='lat' dir='ltr'>Tab.</span> <span class='ocrx_word' id='word_1_114' title='bbox 512 3067 714 3143; x_wconf 78' lang='lat' dir='ltr'>Taurincnai‚</span> <span class='ocrx_word' id='word_1_115' title='bbox 736 3069 858 3131; x_wconf 75' lang='lat' dir='ltr'>Iuraret.</span> <span class='ocrx_word' id='word_1_116' title='bbox 879 3069 962 3130; x_wconf 81' lang='lat' dir='ltr'>Duc.</span> <span class='ocrx_word' id='word_1_117' title='bbox 987 3068 1073 3142; x_wconf 72' lang='grc'>(151,</span> <span class='ocrx_word' id='word_1_118' title='bbox 1097 3071 1293 3143; x_wconf 64' lang='grc'>1155515.</span> <span class='ocrx_word' id='word_1_119' title='bbox 1317 3071 1380 3152; x_wconf 86' lang='grc'>51).</span> 
     </span>
    </p>
   </div>
   <div class='ocr_carea' id='block_1_13' title="bbox 495 3421 1270 3495">
    <p class='ocr_par' dir='ltr' id='par_1_13' title="bbox 495 3421 1270 3495">
     <span class='ocr_line' id='line_1_20' title="bbox 495 3421 1270 3495; baseline 0.005 -7"><span class='ocrx_word' id='word_1_120' title='bbox 495 3423 723 3489; x_wconf 83' lang='lat' dir='ltr'>DCCCXLIX.</span> <span class='ocrx_word' id='word_1_121' title='bbox 752 3461 800 3472; x_wconf 92' lang='lat'>—</span> <span class='ocrx_word' id='word_1_122' title='bbox 827 3421 972 3491; x_wconf 70' lang='lat' dir='ltr'>Turris</span> <span class='ocrx_word' id='word_1_123' title='bbox 999 3421 1050 3492; x_wconf 85' lang='grc'>(15</span> <span class='ocrx_word' id='word_1_124' title='bbox 1077 3422 1270 3495; x_wconf 78' lang='lat' dir='ltr'>viviaco.</span> 
     </span>
    </p>
   </div>
   <div class='ocr_carea' id='block_1_14' title="bbox 682 3616 1079 3688">
    <p class='ocr_par' dir='ltr' id='par_1_14' title="bbox 682 3616 1079 3688">
     <span class='ocr_line' id='line_1_21' title="bbox 682 3616 1079 3688; baseline 0.013 -14"><span class='ocrx_word' id='word_1_125' title='bbox 682 3616 770 3688; x_wconf 88' lang='grc'>1251,</span> <span class='ocrx_word' id='word_1_126' title='bbox 791 3636 893 3678; x_wconf 87' lang='lat' dir='ltr'>mensa</span> <span class='ocrx_word' id='word_1_127' title='bbox 917 3617 1079 3679; x_wconf 74' lang='lat' dir='ltr'>Januario.</span> 
     </span>
    </p>
   </div>
   <div class='ocr_carea' id='block_1_15' title="bbox 119 3796 1642 4353">
    <p class='ocr_par' dir='ltr' id='par_1_15' title="bbox 119 3796 1642 4353">
     <span class='ocr_line' id='line_1_22' title="bbox 200 3796 1642 3900; baseline 0.004 -24"><span class='ocrx_word' id='word_1_128' title='bbox 200 3796 393 3900; x_wconf 87' lang='lat' dir='ltr'>Philippus</span> <span class='ocrx_word' id='word_1_129' title='bbox 421 3797 466 3876; x_wconf 91' lang='lat' dir='ltr'>de</span> <span class='ocrx_word' id='word_1_130' title='bbox 495 3797 623 3886; x_wconf 84' lang='lat' dir='ltr'>Turre,</span> <span class='ocrx_word' id='word_1_131' title='bbox 652 3797 770 3899; x_wconf 87' lang='lat' dir='ltr'>pretio</span> <span class='ocrx_word' id='word_1_132' title='bbox 797 3799 903 3878; x_wconf 86' lang='lat' dir='ltr'>XXX</span> <span class='ocrx_word' id='word_1_133' title='bbox 933 3799 1112 3880; x_wconf 86' lang='lat' dir='ltr'>librarum</span> <span class='ocrx_word' id='word_1_134' title='bbox 1143 3802 1483 3897; x_wconf 85' lang='lat' dir='ltr'>Lansanncnsium,</span> <span class='ocrx_word' id='word_1_135' title='bbox 1513 3805 1642 3884; x_wconf 82' lang='grc'>(55(111</span> 
     </span>
     <span class='ocr_line' id='line_1_23' title="bbox 119 3915 1641 4018; baseline 0.005 -23"><span class='ocrx_word' id='word_1_136' title='bbox 119 3918 234 3995; x_wconf 87' lang='lat' dir='ltr'>Petro</span> <span class='ocrx_word' id='word_1_137' title='bbox 263 3917 308 3995; x_wconf 93' lang='grc'>(15</span> <span class='ocrx_word' id='word_1_138' title='bbox 337 3915 523 3995; x_wconf 87' lang='lat' dir='ltr'>Sabaudia</span> <span class='ocrx_word' id='word_1_139' title='bbox 542 3931 685 4018; x_wconf 87' lang='lat' dir='ltr'>partem</span> <span class='ocrx_word' id='word_1_140' title='bbox 706 3945 810 3995; x_wconf 90' lang='lat' dir='ltr'>snam</span> <span class='ocrx_word' id='word_1_141' title='bbox 832 3919 958 3996; x_wconf 88' lang='lat' dir='ltr'>Turris</span> <span class='ocrx_word' id='word_1_142' title='bbox 986 3919 1032 3997; x_wconf 91' lang='grc'>(15</span> <span class='ocrx_word' id='word_1_143' title='bbox 1052 3919 1216 4010; x_wconf 88' lang='lat' dir='ltr'>Viviaco,</span> <span class='ocrx_word' id='word_1_144' title='bbox 1238 3921 1641 4017; x_wconf 69' lang='grc'>1155555511511115515,</span> 
     </span>
     <span class='ocr_line' id='line_1_24' title="bbox 120 4035 1639 4144; baseline 0.005 -30"><span class='ocrx_word' id='word_1_145' title='bbox 120 4036 356 4115; x_wconf 84' lang='lat' dir='ltr'>advocatiam</span> <span class='ocrx_word' id='word_1_146' title='bbox 384 4049 511 4137; x_wconf 86' lang='lat' dir='ltr'>portus</span> <span class='ocrx_word' id='word_1_147' title='bbox 541 4035 723 4132; x_wconf 82' lang='lat' dir='ltr'>Valesiae,</span> <span class='ocrx_word' id='word_1_148' title='bbox 743 4036 936 4137; x_wconf 85' lang='lat' dir='ltr'>piscariam</span> <span class='ocrx_word' id='word_1_149' title='bbox 958 4038 1129 4117; x_wconf 80' lang='lat' dir='ltr'>Rhodani</span> <span class='ocrx_word' id='word_1_150' title='bbox 1150 4051 1187 4117; x_wconf 89' lang='grc'>51</span> <span class='ocrx_word' id='word_1_151' title='bbox 1205 4040 1398 4120; x_wconf 76' lang='lat' dir='ltr'>teloneum</span> <span class='ocrx_word' id='word_1_152' title='bbox 1427 4042 1516 4122; x_wconf 87' lang='lat' dir='ltr'>salis</span> <span class='ocrx_word' id='word_1_153' title='bbox 1532 4050 1639 4144; x_wconf 82' lang='lat' dir='ltr'>juxta</span> 
     </span>
     <span class='ocr_line' id='line_1_25' title="bbox 121 4154 1639 4255; baseline 0.003 -20"><span class='ocrx_word' id='word_1_154' title='bbox 121 4158 284 4235; x_wconf 83' lang='lat' dir='ltr'>Turrem</span> <span class='ocrx_word' id='word_1_155' title='bbox 312 4154 473 4249; x_wconf 79' lang='lat' dir='ltr'>Viviaci3</span> <span class='ocrx_word' id='word_1_156' title='bbox 501 4181 595 4255; x_wconf 85' lang='lat' dir='ltr'>qnae</span> <span class='ocrx_word' id='word_1_157' title='bbox 623 4155 750 4234; x_wconf 90' lang='lat' dir='ltr'>omnia</span> <span class='ocrx_word' id='word_1_158' title='bbox 780 4171 882 4234; x_wconf 83' lang='grc'>15551</span> <span class='ocrx_word' id='word_1_159' title='bbox 910 4156 946 4236; x_wconf 92' lang='grc'>15</span> <span class='ocrx_word' id='word_1_160' title='bbox 976 4159 1639 4240; x_wconf 74' lang='grc'>1551551555511111551151155555-</span> 
     </span>
     <span class='ocr_line' id='line_1_26' title="bbox 120 4275 244 4353; baseline 0 -1"><span class='ocrx_word' id='word_1_161' title='bbox 120 4275 244 4353; x_wconf 81' lang='lat' dir='ltr'>sibus,</span> 
     </span>
    </p>
   </div>
   <div class='ocr_carea' id='block_1_16' title="bbox 287 4425 1459 4512">
    <p class='ocr_par' dir='ltr' id='par_1_16' title="bbox 287 4425 1459 4512">
     <span class='ocr_line' id='line_1_27' title="bbox 287 4425 1459 4512; baseline 0.005 -26"><span class='ocrx_word' id='word_1_162' title='bbox 287 4427 326 4506; x_wconf 86' lang='lat' dir='ltr'>(E</span> <span class='ocrx_word' id='word_1_163' title='bbox 349 4426 387 4486; x_wconf 91' lang='lat' dir='ltr'>R.</span> <span class='ocrx_word' id='word_1_164' title='bbox 412 4425 488 4486; x_wconf 79' lang='lat' dir='ltr'>Tab.</span> <span class='ocrx_word' id='word_1_165' title='bbox 513 4425 707 4499; x_wconf 81' lang='lat' dir='ltr'>Taurinanei,</span> <span class='ocrx_word' id='word_1_166' title='bbox 730 4427 852 4488; x_wconf 82' lang='grc'>[55551.</span> <span class='ocrx_word' id='word_1_167' title='bbox 875 4429 956 4488; x_wconf 78' lang='lat' dir='ltr'>Dua.</span> <span class='ocrx_word' id='word_1_168' title='bbox 980 4429 1173 4503; x_wconf 74' lang='lat' dir='ltr'>Schaudiae,</span> <span class='ocrx_word' id='word_1_169' title='bbox 1197 4431 1287 4492; x_wconf 80' lang='lat' dir='ltr'>Fauo.</span> <span class='ocrx_word' id='word_1_170' title='bbox 1309 4431 1338 4505; x_wconf 91' lang='lat'>1,</span> <span class='ocrx_word' id='word_1_171' title='bbox 1359 4450 1393 4491; x_wconf 89' lang='grc'>5.</span> <span class='ocrx_word' id='word_1_172' title='bbox 1415 4435 1459 4512; x_wconf 82' lang='grc'>8).</span> 
     </span>
    </p>
   </div>
   <div class='ocr_carea' id='block_1_17' title="bbox 473 4799 1300 4892">
    <p class='ocr_par' dir='ltr' id='par_1_17' title="bbox 473 4799 1300 4892">
     <span class='ocr_line' id='line_1_28' title="bbox 473 4799 1300 4892; baseline 0.007 -29"><span class='ocrx_word' id='word_1_173' title='bbox 473 4799 619 4866; x_wconf 81' lang='lat' dir='ltr'>DCCCL.</span> <span class='ocrx_word' id='word_1_174' title='bbox 657 4836 705 4847; x_wconf 94' lang='lat'><em>-</em></span> <span class='ocrx_word' id='word_1_175' title='bbox 744 4799 953 4886; x_wconf 68' lang='lat' dir='ltr'>sequetu-</span> <span class='ocrx_word' id='word_1_176' title='bbox 989 4799 1039 4870; x_wconf 86' lang='grc'>(15</span> <span class='ocrx_word' id='word_1_177' title='bbox 1075 4799 1300 4892; x_wconf 79' lang='lat' dir='ltr'>Eatavcye.</span> 
     </span>
    </p>
   </div>
   <div class='ocr_carea' id='block_1_18' title="bbox 527 4992 1246 5074">
    <p class='ocr_par' dir='ltr' id='par_1_18' title="bbox 527 4992 1246 5074">
     <span class='ocr_line' id='line_1_29' title="bbox 527 4992 1246 5074; baseline 0.008 -24"><span class='ocrx_word' id='word_1_178' title='bbox 527 4992 615 5062; x_wconf 90' lang='grc'>1251,</span> <span class='ocrx_word' id='word_1_179' title='bbox 639 4993 656 5049; x_wconf 88' lang='grc'>2</span> <span class='ocrx_word' id='word_1_180' title='bbox 677 4993 707 5052; x_wconf 83' lang='grc'>(1.</span> <span class='ocrx_word' id='word_1_181' title='bbox 733 4993 902 5056; x_wconf 83' lang='lat' dir='ltr'>Februarii.</span> <span class='ocrx_word' id='word_1_182' title='bbox 926 4996 1016 5074; x_wconf 85' lang='lat' dir='ltr'>Apud</span> <span class='ocrx_word' id='word_1_183' title='bbox 1037 4996 1246 5058; x_wconf 64' lang='lat' dir='ltr'>Eustriacum.</span> 
     </span>
    </p>
   </div>
   <div class='ocr_carea' id='block_1_19' title="bbox 127 5174 1643 5520">
    <p class='ocr_par' dir='ltr' id='par_1_19' title="bbox 127 5174 1643 5520">
     <span class='ocr_line' id='line_1_30' title="bbox 204 5174 1642 5279; baseline 0.005 -25"><span class='ocrx_word' id='word_1_184' title='bbox 204 5174 384 5278; x_wconf 80' lang='lat' dir='ltr'>taquetus</span> <span class='ocrx_word' id='word_1_185' title='bbox 413 5180 459 5256; x_wconf 88' lang='lat' dir='ltr'>de</span> <span class='ocrx_word' id='word_1_186' title='bbox 487 5179 676 5279; x_wconf 73' lang='lat' dir='ltr'>Estavcye</span> <span class='ocrx_word' id='word_1_187' title='bbox 705 5178 751 5256; x_wconf 91' lang='grc'>(15</span> <span class='ocrx_word' id='word_1_188' title='bbox 780 5176 936 5256; x_wconf 86' lang='grc'>55551115</span> <span class='ocrx_word' id='word_1_189' title='bbox 963 5179 1169 5257; x_wconf 90' lang='lat' dir='ltr'>amicorum</span> <span class='ocrx_word' id='word_1_190' title='bbox 1200 5206 1365 5268; x_wconf 82' lang='lat' dir='ltr'>snorum,</span> <span class='ocrx_word' id='word_1_191' title='bbox 1394 5179 1508 5259; x_wconf 86' lang='grc'>(15551</span> <span class='ocrx_word' id='word_1_192' title='bbox 1534 5181 1642 5261; x_wconf 82' lang='lat' dir='ltr'>Petro</span> 
     </span>
     <span class='ocr_line' id='line_1_31' title="bbox 127 5293 1643 5401; baseline 0.004 -27"><span class='ocrx_word' id='word_1_193' title='bbox 127 5293 179 5374; x_wconf 84' lang='lat' dir='ltr'>de</span> <span class='ocrx_word' id='word_1_194' title='bbox 206 5294 393 5375; x_wconf 88' lang='lat' dir='ltr'>Sahaudia</span> <span class='ocrx_word' id='word_1_195' title='bbox 424 5297 634 5399; x_wconf 85' lang='lat' dir='ltr'>portionem</span> <span class='ocrx_word' id='word_1_196' title='bbox 672 5325 781 5376; x_wconf 91' lang='lat' dir='ltr'>suam</span> <span class='ocrx_word' id='word_1_197' title='bbox 810 5298 856 5375; x_wconf 87' lang='grc'>(15</span> <span class='ocrx_word' id='word_1_198' title='bbox 883 5309 1004 5376; x_wconf 89' lang='lat' dir='ltr'>castro</span> <span class='ocrx_word' id='word_1_199' title='bbox 1032 5312 1069 5375; x_wconf 90' lang='grc'>51</span> <span class='ocrx_word' id='word_1_200' title='bbox 1097 5295 1180 5377; x_wconf 88' lang='lat' dir='ltr'>villa</span> <span class='ocrx_word' id='word_1_201' title='bbox 1207 5297 1253 5376; x_wconf 91' lang='grc'>(15</span> <span class='ocrx_word' id='word_1_202' title='bbox 1280 5301 1471 5399; x_wconf 59' lang='grc'>15151555,</span> <span class='ocrx_word' id='word_1_203' title='bbox 1499 5314 1537 5378; x_wconf 89' lang='grc'>51</span> <span class='ocrx_word' id='word_1_204' title='bbox 1565 5324 1643 5401; x_wconf 84' lang='lat' dir='ltr'>pro-</span> 
     </span>
     <span class='ocr_line' id='line_1_32' title="bbox 128 5413 1643 5520; baseline 0.003 -28"><span class='ocrx_word' id='word_1_205' title='bbox 128 5413 249 5494; x_wconf 88' lang='lat' dir='ltr'>mittit</span> <span class='ocrx_word' id='word_1_206' title='bbox 281 5441 360 5494; x_wconf 91' lang='grc'>5555</span> <span class='ocrx_word' id='word_1_207' title='bbox 396 5417 519 5496; x_wconf 85' lang='lat' dir='ltr'>bonus</span> <span class='ocrx_word' id='word_1_208' title='bbox 553 5442 739 5520; x_wconf 81' lang='lat' dir='ltr'>guayronz</span> <span class='ocrx_word' id='word_1_209' title='bbox 773 5416 820 5494; x_wconf 90' lang='grc'>(15</span> <span class='ocrx_word' id='word_1_210' title='bbox 854 5415 955 5495; x_wconf 87' lang='grc'>(11515</span> <span class='ocrx_word' id='word_1_211' title='bbox 989 5414 1136 5496; x_wconf 89' lang='lat' dir='ltr'>allodio.</span> <span class='ocrx_word' id='word_1_212' title='bbox 1172 5419 1302 5496; x_wconf 82' lang='lat' dir='ltr'>Petrus</span> <span class='ocrx_word' id='word_1_213' title='bbox 1338 5429 1465 5496; x_wconf 89' lang='lat' dir='ltr'>autam</span> <span class='ocrx_word' id='word_1_214' title='bbox 1499 5420 1546 5497; x_wconf 91' lang='grc'>(15</span> <span class='ocrx_word' id='word_1_215' title='bbox 1580 5421 1643 5499; x_wconf 88' lang='lat' dir='ltr'>Sa-</span> 
     </span>
    </p>
   </div>
   <div class='ocr_carea' id='block_1_20' title="bbox 0 0 2057 6180">
    <p class='ocr_par' dir='ltr' id='par_1_20' title="bbox 0 0 2057 6180">
     <span class='ocr_line' id='line_1_33' title="bbox 0 0 2057 6180; baseline 0 0"><span class='ocrx_word' id='word_1_216' title='bbox 0 0 2057 6180; x_wconf 95' lang='lat' dir='ltr'> </span> 
     </span>
    </p>
   </div>
  </div>
 </body>
</html>
