4096 6190
522 361 783 430 anmantuus
812 363 867 428 DE
895 360 1169 429 ROMAGNANO
1530 361 1601 427 309

87 472 319 484 -—.—-—-—-

82 599 275 678 rinensem
306 599 517 701 spectantis,
536 611 573 682 et
591 598 811 702 hujusmodi
835 599 1026 706 negotium
1044 606 1150 701 juxta
1170 599 1327 678 formam
1350 597 1403 678 illi
1424 597 1599 678 traditam

84 729 277 797 terminet.

248 887 290 968 (E
311 887 351 947 R.
375 887 451 949 ch.
475 888 674 962 Mutinensi,
695 889 787 968 Bolis
808 907 823 950 e
844 890 942 950 Brevi
962 890 1033 951 Iun.
1056 889 1122 962 IV,
1144 889 1235 950 Fuso.
1259 890 1287 959 I,
1310 909 1342 949 n.
1367 891 1414 949 23.
1438 890 1484 950 Μ.
1501 889 1546 950 Η.
1562 888 1601 948 Ρ.

170 982 277 1046 Ohcrt.
292 983 321 1056 1,
344 985 402 1046 ool.
420 987 508 1056 1167,
524 1005 607 1047 anno
630 987 717 1046 1251.
740 985 798 1050 Sed
819 987 1019 1048 Innocentius
1032 986 1078 1046 IV
1094 986 1237 1047 Pontifex
1251 989 1371 1047 orestus
1391 985 1453 1047 fuit
1467 1003 1537 1045 xxv
1552 985 1601 1046 die

168 1080 256 1140 Junii
278 1082 371 1152 1248;
393 1080 479 1144 bulla
494 1083 530 1144 de
544 1101 605 1160 quc
619 1084 733 1160 agitor,
749 1083 824 1145 data
837 1087 881 1144 aet
897 1085 935 1142 28
948 1083 996 1144 die
1010 1082 1098 1154 Maii,
1114 1083 1312 1161 pontificatus
1324 1083 1390 1159 ejus
1405 1101 1488 1144 auno
1502 1099 1601 1143 nouo:

170 1194 240 1254 argo
262 1196 344 1238 unno
367 1180 469 1259 1252),

542 1568 709 1634 0111-
743 1563 1015 1638 ueneramus
1045 1565 1148 1636 Non.

624 1780 712 1851 1252,
737 1781 755 1839 2
775 1779 805 1840 d.
830 1779 929 1841 Junii.
952 1781 1073 1842 Assisii.

162 1975 406 2055 Innocentius
447 1977 498 2057 IV
540 1980 578 2057 P.
618 1979 664 2056 tt.
705 1976 923 2057 Villelmum
963 2005 1085 2080 regom
1124 2003 1365 2056 romanorum
1409 1988 1528 2080 rogat,
1567 1989 1607 2055 nt

81 2096 253 2173 Tironrac
282 2096 328 2173 de
362 2097 549 2176 Sairaudia
583 2097 711 2176 comiti
745 2098 927 2177 concodat
961 2111 1123 2176 castrum
1162 2095 1208 2174 de
1236 2097 1332 2188 Non,
1360 2101 1516 2197 ejusque
1544 2122 1606 2174 co·

83 2214 264 2292 mitatnm
303 2214 400 2293 inter
435 2216 700 2295 Alexandriam
737 2230 775 2294 et
811 2216 999 2295 civitatem
1036 2215 1262 2294 Astensinm.
1300 2214 1410 2293 Anno
1447 2213 1605 2315 pontifi-

81 2345 194 2410 catus
223 2335 284 2411 IX.

247 2503 289 2580 (Ε
312 2504 350 2562 Β.
375 2503 450 2564 Tob.
475 2504 672 2566 Taurinensi.
696 2506 906 2575 Gcronuuou,
930 2505 1015 2566 unt.
1045 2506 1135 2578 ceu,
1159 2505 1321 2581 Pronoea).

479 2897 587 2964 CMII.
618 2935 652 2947 -
687 2897 748 2967 De
777 2897 928 2968 castro
955 2893 1218 2982 Ripulcrum.

621 3111 709 3182 1252,
731 3110 800 3171 41.
825 3109 924 3170 Junii.
948 3110 1077 3171 Perusii.

166 3305 409 3386 innocentius
435 3307 495 3400 tv,
524 3308 562 3386 P.
592 3309 638 3386 M.
677 3307 861 3388 Thomam
895 3307 942 3388 de
976 3308 1166 3389 Sahaudia
1199 3307 1377 3388 comitem
1413 3323 1530 3414 rogat,
1565 3320 1608 3387 nt

77 3451 200 3524 snper
226 3424 321 3503 facto
349 3425 457 3504 castri
477 3425 695 3527 Ripniarum
725 3440 762 3505 ct
788 3426 967 3506 omnibns
994 3427 1075 3507 aliis
1095 3427 1377 3530 quaestionibus
1397 3425 1496 3507 inter
1517 3453 1604 3505 eum

75 3559 121 3623 ot
151 3540 320 3623 Elcctum
356 3545 624 3624 'soricinensem
659 3545 782 3634 motis,
819 3545 1030 3625 amicabilis
1058 3547 1279 3649 compositio
1313 3546 1529 3625 intercedat.
1559 3545 1608 3627 Ut

76 3679 214 3744 nritcm
245 3665 463 3762 hujusmodi
500 3665 721 3768 compositio
750 3665 866 3768 possit
893 3665 1038 3745 facilius
1074 3666 1277 3767 pervenire,
1313 3665 1418 3744 iilum
1441 3693 1475 3762 a
1502 3671 1608 3766 jnra-

76 3799 230 3877 mento,
258 3783 288 3862 si
317 3812 391 3886 qno
421 3797 619 3880 teneretur,
647 3787 746 3888 quod
775 3784 1086 3887 compositionem
1117 3815 1192 3864 non
1223 3784 1330 3866 saciat
1357 3811 1442 3865 cnm
1464 3783 1604 3878 diocto,

76 3900 257 3983 absolvit.

245 4073 288 4154 (ld
310 4073 348 4132 R.
372 4071 448 4134 ch.
471 4073 667 4155 Taurinonsi‚
689 4073 781 4135 Belle
802 4091 817 4135 e
838 4075 936 4135 Brevi
955 4075 1065 4136 Iunco.
1087 4075 1152 4148 IV,
1175 4075 1265 4136 Fuso.
1281 4076 1309 4148 1,
1332 4095 1364 4136 n.
1381 4078 1431 4150 24,
1449 4077 1493 4138 Μ.
1508 4076 1551 4136 11.
1568 4075 1603 4134 Ρ.

169 4169 277 4231 0111111.
301 4170 330 4238 Ι,
353 4170 412 4230 ool.
437 4171 525 4242 1408,
549 4165 637 4230 tnuo'
655 4171 758 4250 1251).

312 4562 440 4630 OMIII.
468 4599 503 4612 -
531 4561 592 4630 Do
620 4555 759 4630 tonali·
785 4538 994 4630 friderici
1023 4556 1389 4650 delomcgnsno.

692 4773 782 4846 anca,
807 4773 844 4830 10
864 4770 895 4831 c.
919 4771 1008 4832 ruti.

161 4966 327 5047 Thomas
356 4967 402 5045 de
435 4965 623 5047 Sabaudia
658 4995 783 5047 comos
820 4969 1010 5049 Friderico
1046 4969 1092 5048 de
1128 4970 1372 5074 Romagnano
1406 4971 1606 5053 confirmat

71 5115 223 5172 omnes
249 5099 364 5165 terras
391 5097 474 5180 etc,
494 5114 586 5189 quus
612 5085 729 5166 hahet
755 5087 792 5166 in
822 5087 1064 5184 Pedamouto,
1092 5087 1130 5167 in
1154 5087 1263 5186 podio
1291 5089 1348 5168 vel
1369 5089 1405 5168 in
1428 5088 1539 5192 piano
1559 5092 1605 5172 dn

70 5209 201 5290 sendo
229 5207 427 5285 comitatus
455 5205 676 5285 Sabaudiac.

248 5371 614 5456 (Donaun1,Piemonte
637 5375 854 5452 Praopcdcnc,
877 5394 909 5454 p.
930 5376 960 5449 Ι,
981 5393 1053 5456 pog.
1077 5379 1158 5458 102).
