4050 6188
587 415 789 483 CASTRUM
819 418 874 481 DE
903 417 1049 484 BARDO

696 530 1224 538 ———-——---——-—-———-—.-—
1242 531 1250 536 -
1263 531 1376 537 ——-.-
1398 527 1577 536 --—-—----

866 547 880 552 ,,
902 547 916 552 -
940 547 961 552 ,,
1065 548 1075 553 ,
1093 548 1109 554 ,
1527 545 1576 552 ...-

408 886 611 954 DOLXXIX.
659 921 687 932 -
726 882 880 952 Domus
917 880 1077 950 Hontls
1112 879 1243 952 souis.

355 1173 359 1180 ι
452 1101 540 1172 1642,
564 1101 581 1158 9
603 1099 633 1160 6.
659 1097 807 1160 Ootobris.
829 1097 870 1158 In
892 1097 1017 1158 uisitata
1038 1098 1190 1174 Augusta.

136 1298 229 1377 Cum
258 1299 395 1376 domus
416 1293 553 1378 1166113
570 1299 674 1379 Jovis
693 1299 741 1378 sit
758 1325 965 1401 pauperum
984 1295 1217 1403 refrigerium
1239 1308 1275 1374 et
1295 1295 1443 1375 Summi
1465 1295 1576 1399 Regis

59 1414 253 1518 palatium,
279 1431 317 1497 et
347 1445 429 1496 eam
458 1431 494 1498 et
513 1430 653 1498 oeteras
687 1419 820 1497 domos
840 1431 915 1497 tam
945 1417 983 1496 in
1006 1416 1101 1496 valle
1128 1418 1313 1522 Augusta,
1343 1443 1457 1517 quam
1480 1415 1575 1494 infra

59 1548 209 1616 montes
244 1534 367 1616 eidem
403 1538 603 1638 subjectas,
633 1541 823 1616 amedeus
855 1543 911 1616 IV
937 1562 1060 1615 eomes
1094 1539 1320 1616 sabaudiae
1354 1535 1425 1615 sub
1456 1534 1576 1638 clipeo

60 1681 152 1733 3633
181 1655 422 1758 proteotiouis
441 1657 614 1772 36361611,

219 1826 261 1904 (Ε
283 1827 360 1888 Tab.
385 1829 417 1890 8.
441 1829 602 1890 Bornardi.
627 1830 800 1896 (1666366,
822 1829 899 1890 Doa.
915 1829 1080 1909 rotatissct
1097 1829 1208 1890 t'Hr'st.
1227 1831 1270 1890 66
1293 1825 1576 1899 variatarum,

141 1920 219 1983 Doo.
243 1926 311 1996 616,
334 1943 405 2003 pag.
429 1927 512 2002 564).

468 2337 654 2404 DCLXXX.
685 2373 729 2388 -
757 2329 973 2404 Halassola
999 2331 1167 2405 bollion.

534 2549 622 2620 1242,
645 2550 682 2608 16
704 2548 734 2609 6.
758 2546 910 2609 Ootobris.
934 2545 1096 2608 Gobannio.

133 2747 286 2849 Apooba
313 2747 493 2848 Aymonis
525 2746 687 2848 episcopi
724 2744 992 2824 Gebennarum
1028 2745 1074 2823 de
1107 2744 1370 2824 emendatione
1404 2745 1503 2824 Petri
1531 2747 1578 2823 de

53 2866 249 2947 Sabandia
277 2892 342 2968 pro
370 2863 518 2944 damnis
544 2863 592 2943 ab
620 2865 799 2942 exercitu.
817 2863 932 2964 ipsius
963 2863 1063 2942 Petri
1091 2861 1203 2942 illatis
1232 2865 1269 2942 P.
1297 2861 1498 2966 capellano
1532 2863 1597 2982 de·

47 2986 233 3064 Thorent.
257 2983 408 3065 Solutae
435 2997 525 3063 sunt
551 2983 767 3086 quindeoim
798 2982 916 3062 librae
943 2982 1223 3062 Gebennenses.

219 3154 261 3236 (Ε
283 3156 321 3217 R.
346 3155 422 3216 Tab.
447 3154 643 3228 Taurinansi,
663 3152 785 3216 ravat.
815 3153 941 3226 Waadi,
966 3152 1056 3216 Fuso.
1079 3155 1108 3224 1,
1131 3173 1162 3213 n.
1188 3157 1229 3230 5).

421 3567 620 3631 bttxxxt.
666 3601 707 3616 -
753 3563 948 3636 castrum
984 3563 1034 3633 63
1070 3561 1221 3634 Bardo.
1299 3661 1305 3670 ι

475 3777 562 3848 1242,
587 3779 624 3833 29
645 3775 674 3835 d.
700 3774 851 3835 Octobris.
876 3775 969 3853 Apud
989 3776 1172 3852 Augustam.

137 3983 339 4068 Amedeus,
358 4009 484 4061 eomes
512 3982 724 4060 Sabaudiae
744 3996 782 4060 et
810 3981 846 4060 16
868 3982 973 4062 ltalia
1000 3981 1178 4072 marchio,
1199 3981 1341 4062 ratione
1363 3981 1578 4062 donationis

51 4117 94 4182 et
127 4099 395 4180 infeudationis
427 4100 542 4179 tradit
569 4101 748 4193 Thomae,
776 4101 904 4180 oomiti
939 4100 1155 4190 Flandriae‚
1183 4099 1284 4180 fratri
1312 4129 1396 4191 suo,
1425 4101 1580 4180 nomine

52 4219 216 4328 gentilis
244 4233 282 4298 et
310 4219 447 4300 nobilis
476 4221 590 4306 13661,
619 4232 779 4299 castrum
809 4221 855 4298 de
883 4221 1004 4300 Bardo
1032 4247 1118 4300 oum
1146 4220 1301 4324 pedagio
1328 4222 1374 4298 de
1402 4222 1536 4300 Danas.

137 4337 311 4418 Conditio
339 4339 556 4440 apponitur,
583 4339 684 4441 quod
714 4338 878 4418 Thomas
913 4351 1075 4418 oestrum
1110 4351 1282 4418 teneatur
1317 4340 1494 4429 reddere,
1521 4367 1580 4418 se-

51 4457 229 4538 eundum
259 4459 357 4560 quod
386 4459 618 4537 consuetudo
645 4471 701 4536 est
728 4457 766 4537 in
793 4457 898 4537 Valle
927 4459 1156 4562 Augustensi
1195 4457 1242 4536 de
1282 4456 1429 4554 nastris,
1460 4473 1499 4538 31
1530 4487 1582 4537 re·

52 4577 216 4669 ditibus,
237 4590 274 4654 et
296 4587 371 4652 tarn
392 4603 456 4676 pro
474 4589 594 4656 oestro
613 4575 736 4673 Bardi,
757 4603 869 4680 quarn
890 4605 953 4678 pro
982 4577 1106 4667 fendo,
1126 4578 1224 4679 quod
1246 4575 1292 4654 ab
1314 4577 1391 4678 1636
1411 4577 1578 4657 6163636

51 4693 201 4776 6661113
229 4695 265 4773 16
296 4695 526 4774 Pedemonte
555 4696 728 4797 possidet,
756 4697 803 4774 ad
832 4695 1053 4800 homagium
1081 4695 1211 4800 ligium
1234 4707 1414 4774 teneatur.
1434 4695 1577 4775 Deinde

51 4821 196 4896 Comes
221 4813 407 4894 Jaoobum
436 4815 611 4894 abbatem
640 4815 826 4901 83663133,
856 4817 1010 4893 nomine
1038 4815 1216 4917 praedicti
1258 4816 1445 4910 rhomae,
1472 4815 1577 4895 inve·

51 4935 167 5014 311311
193 4947 260 5012 eto.

137 5051 281 5132 Testes:
311 5050 432 5132 Guido
461 5053 505 5130 63
526 5051 716 5142 Ammine,
736 5053 954 5132 Tborenous
982 5067 1020 5131 31
1045 5053 1262 5133 Gooeliinus
1290 5053 1335 5132 63
1364 5053 1579 5133 Cbambeu·

49 5187 150 5263 reto,
179 5171 365 5251 116313663
393 5171 440 5250 63
468 5171 668 5273 Rupeoula,
697 5171 895 5250 Villelmus
922 5171 1120 5251 Ronivardi
1152 5173 1197 5251 63
1227 5172 1507 5252 Cbamberiaoo.

137 5289 302 5370 Jaoobus
328 5290 365 5370 8.
394 5290 544 5393 imperii
573 5304 609 5369 31
636 5289 785 5370 comitis
813 5289 899 5369 Sab.
928 5289 1095 5394 seriptor.

222 5459 275 5540 (E.
299 5459 337 5520 R.
362 5459 437 5520 rab.
462 5459 658 5532 Taurinensi‚
684 5459 805 5520 [66361.
830 5461 898 5523 duo
923 5463 1037 5535 Aoata,
1063 5461 1152 5521 Fano.
1177 5464 1204 5535 Ι,
1229 5460 1273 5522 81.
1297 5461 1391 5524 Berd.
1415 5465 1457 5542 Ι).
