4096 6190
529 350 757 420 insessos
784 350 841 416 DE
869 346 1147 417 sonninomo
1523 350 1594 416 828

84 589 239 674 eremari
283 589 384 672 leoit.
425 587 501 670 Sed
528 587 725 670 oeulostim
758 599 1110 694 supranunoupetus
1145 587 1317 671 marohio
1349 586 1441 670 diris
1473 587 1597 670 modis

84 710 206 815 eoepit
220 708 397 815 ‘affligere
421 707 611 798 abbatem,
638 708 862 792 abstrahens
888 735 1021 791 omnes
1048 735 1119 796 res,
1145 719 1184 790 et
1209 709 1365 804 seviens,
1388 709 1489 811 quod
1516 708 1599 792 ansi

83 831 224 914 luimus
251 829 480 934 proelumare
501 841 588 911 ente
615 841 789 912 sanetum
816 827 1022 935 Imperium
1049 829 1098 910 de
1133 827 1252 922 mulis,
1284 855 1381 934 quae
1412 829 1598 914 coenobio

85 949 278 1032 inferebat

158 1069 218 1154 Ao
253 1067 431 1151 ultimum
467 1067 630 1150 reddens
663 1067 829 1172 aliquem
866 1065 1114 1172 particulam,
1149 1067 1216 1150 sed
1249 1068 1512 1175 perexiguam,
1550 1071 1597 1152 de

82 1187 245 1293 praediis
273 1187 505 1284 monosterii,
524 1187 708 1292 oompulit
731 1187 909 1270 obbatem
936 1187 1154 1292 promittere
1181 1189 1471 1293 promissionem
1498 1189 1597 1271 indi·

82 1307 325 1414 gnissimam,
352 1310 453 1411 quod
480 1308 655 1410 deineeps
683 1335 760 1389 non
787 1307 1035 1411 proclamaret
1059 1335 1100 1390 se
1127 1319 1221 1418 6616Ι
1244 1307 1412 1414 aliquam
1438 1309 1600 1413 impera·

82 1427 175 1510 toris
200 1425 428 1532 presentiam
456 1427 503 1508 do
530 1426 595 1508 tali
621 1427 729 1508 laeto.
747 1427 855 1522 Quod
883 1427 1008 1510 seelus
1034 1427 1225 1510 oredimus
1241 1429 1443 1511 oondolere
1467 1430 1600 1511 Omni-

81 1561 275 1649 ponentem
294 1556 438 1629 trinum
457 1559 495 1630 et
520 1545 745 1651 simplieem,
764 1547 1074 1655 Clavigerumque
1096 1548 1295 1631 caelestem
1314 1577 1401 1631 oum
1421 1549 1599 1633 omnibus

81 1666 233 1752 sanetis.
1474 1691 1477 1696 ’

162 1789 333 1872 Pontifex
351 1788 467 1895 igitur
483 1800 647 1898 rogatur,
665 1799 708 1872 ut
724 1789 941 1892 imperatori
960 1789 1110 1872 notulas
1133 1789 1268 1886 mittat
1287 1817 1383 1894 quae
1405 1791 1601 1898 resignent

80 1905 141 1990 illi
167 1910 330 2016 qualiter
356 1933 416 1992 res
442 1921 569 2018 gestae
595 1909 748 2000 luerint,
774 1921 886 2014 atque
905 1909 1115 1992 merohioni
1134 1911 1365 1992 transmittet
1384 1910 1602 1992 anathemo·

78 2027 240 2122 tionem.
265 2029 368 2134 qood
395 2029 427 2110 si
453 2027 618 2135 'emplius
645 2028 809 2110 tenuerit
835 2029 1129 2134 proediuipsius
1156 2030 1241 2127 looi,
1269 2029 1544 2112 oondamnatus
1562 2043 1600 2111 at

75 2149 349 2230 anathematus
375 2160 596 2252 permaneat
621 2147 660 2230 in
688 2160 839 2230 aeterno
867 2148 995 2230 tartari
1022 2149 1119 2256 igne.

246 2301 438 2385 <sermm
457 2293 683 2376 Noeoltatma
706 2301 870 2382 appensis
891 2303 951 2382 θ’).

443 2645 609 2712 enxhu.
637 2681 674 2696 -
702 2640 908 2716 suenio
935 2641 1260 2716 Phaselitum

598 2838 701 2901 Anno.
715 2882 724 2900 .
739 2883 769 2899 ..
794 2841 898 2920 (loni,
920 2843 957 2901 ut
976 2839 1100 2922 166166).

170 3021 306 3102 *Sunt
330 3020 397 3126 qui
423 3043 487 3100 me
513 3037 697 3100 monuere
723 3017 990 3122 Landulplrum
1021 3017 1187 3100 eundem
1214 3021 1473 3121 (episopum
1504 3025 1606 3102 Tou-

76 3141 317 3242 rs'nonoern),
351 3165 430 3220 nna
463 3163 548 3221 onm
585 3137 818 3244 Magnifredo
853 3133 1179 3235 marchianense
1219 3163 1295 3219 non
1336 3137 1453 3246 ipsius
1492 3137 1604 3224 fratre

73 3257 236 3340 Alarioo
254 3258 406 3340 Astensi
426 3257 597 3362 episeopo
625 3254 840 3340 interfuisse
857 3254 1069 3341 fundationi
1089 3285 1110 3337 a
1129 3256 1307 3361 piissimis
1326 3255 1409 3340 istis
1428 3249 1605 3341 fratribus

70 3381 205 3462 166166
231 3376 499 3459 canonicorum
527 3376 829 3459 Pinarolensinm
862 3390 975 3482 atque
1008 3375 1234 3474 Romanisii‚
1262 3378 1327 3481 qui
1363 3379 1602 3481 postmodum

71 3495 723 3594 1166666666,11666661616666666,
751 3508 1036 3580 concesserunt:
1066 3523 1196 3577 verum
1223 3523 1310 3578 oum
1338 3496 1493 3579 illorum
1521 3498 1606 3579 fun·

73 3617 263 3698 dationes
289 3640 365 3697 666
392 3609 570 3713 viderim,
599 3612 685 3698 ideo
712 3642 835 3719 nequo
862 3643 1006 3696 annum
1033 3627 1179 3712 notare,
1208 3642 1277 3697 neo
1302 3643 1399 3720 quae
1434 3615 1509 3698 illis
1536 3617 1605 3698 Ca-

70 3735 236 3818 noniois
262 3761 327 3839 pro
354 3733 576 3816 eorumdem
604 3733 763 3814 honesta
789 3733 1062 3816 sustentatione
1088 3761 1265 3816 66666666
1291 3735 1452 3832 luerint,
1481 3735 1606 3816 disere

74 3882 168 3937 non
195 3881 361 3960 possum.
382 3890 400 3925 »

248 4008 522 4090 (Mummios,
546 4006 781 4069 Poeauuutum
808 4005 960 4081 Sournis,
982 4006 1016 4069 in
1038 4005 1082 4071 Μ.
1103 4005 1145 4067 Η.
1168 4006 1206 4069 Ρ.
1230 4006 1442 4088 Scriptorum,
1464 4007 1523 4084 IV,
1544 4009 1604 4072 ool.

173 4101 260 4168 1208.
282 4105 512 4170 Deournsntnnr
531 4101 733 4167 nullasdum
753 4101 859 4184 vidit).

154 4440 221 4502 μ
327 4359 1369 4486 oureus-aruntemseru-tirso.
1461 4425 1463 4432 ·

436 4601 525 4682 1678,
549 4609 587 4667 22
609 4603 709 4670 Junii.
732 4601 804 4669 Ine.
827 4627 852 4669 r.
875 4603 914 4669 In
936 4611 1038 4672 oastm
1059 4605 1261 4672 senatorio.

167 4790 246 4894 ligo
270 4787 450 4904 Aulularia
475 4789 670 4871 eomitissa
695 4788 774 4872 filia
789 4787 983 4894 quondam
1000 4789 1194 4871 Oldsrions
1210 4789 1277 4893 uui
1297 4801 1334 4870 et
1353 4789 1606 4906 Magnifrsdus

68 4910 261 5008 itemque
283 4903 462 4996 marchio,
482 4903 612 4985 vivens
631 4931 676 4984 ex
695 4906 848 4988 natione
866 4927 951 4985 mea
969 4903 1053 5012 lage
1071 4903 1194 4994 sslioa,
1215 4903 1461 5008 petitionibus
1476 4905 1607 4988 dileuti

66 5022 213 5110 nostri
245 5021 392 5104 olberti
428 5023 476 5103 de
508 5023 845 5116 8666661666...,..
873 5024 996 5105 salios.
1013 5088 1020 5103 .
1037 5081 1045 5103 .
1064 5069 1101 5101 .=.·
1120 5021 1364 5129 postulaverit
1396 5033 1438 5104 61
1471 5025 1607 5107 eodem

65 5140 364 5229 confirmemus
391 5141 572 5247 quasdam
600 5155 724 5224 666166
752 5155 870 5226 eastra
888 5159 926 5225 61
944 5144 1046 5224 16666
1061 5167 1129 5247 per
1153 5143 1434 5248 predeeessooes
1460 5143 1608 5228 nostros

60 5263 174 5351 suis
205 5261 543 5367 predeoessoribus.
562 5321 594 5339 ..
623 5275 661 5344 et
693 5263 849 5346 donatos
889 5276 928 5344 61
966 5263 1041 5346 alio
1066 5269 1152 5366 jure
1185 5261 1403 5367 adquisitos,
1436 5292 1503 5370 pro
1536 5265 1610 5348 hoo

65 5393 265 5470 nostrum
298 5392 538 5488 prueoeptum
566 5393 676 5485 prout
698 5388 800 5485 juste
833 5395 871 5463 et
896 5381 1064 5490 legaliter
1092 5409 1290 5488 possumus
1322 5397 1532 5468 annuentes
1560 5387 1606 5468 de
