4198 6190
747 321 777 387 S.
807 321 1070 388 SALVATORIS
1617 326 1661 390 25

158 430 705 439 fflw—
751 433 765 439 ο
774 433 823 439 —-
1154 431 1376 442 ss————-—
1402 436 1631 444 ⁸——

146 560 456 642 ordinamentnm
484 560 552 640 fiat
578 572 662 652 etc.;
686 560 716 641 si
738 558 838 641 filins
866 561 1095 641 mascelinus
1124 562 1299 658 delircrit,
1324 560 1402 641 [ilia
1430 569 1548 663 major
1576 575 1663 642 nata

146 709 192 760 en
221 692 346 760 nostro
374 685 550 786 conjugio
576 680 705 760 relicta
731 682 782 761 ita
810 681 856 760 dc
876 681 1011 761 eodem
1030 689 1257 762 monasterio
1277 681 1399 762 faciat.
1418 682 1457 762 Si
1479 709 1565 761 vero
1583 681 1663 761 {ilia

146 805 267 899 major
293 796 466 893 defuerit,
493 825 655 901 sequens
675 827 759 879 earn
780 807 899 900 major
917 799 1035 902 ipsam
1064 799 1340 880 ordinationem
1369 799 1533 902 recipiat,
1553 799 1664 879 etsie

146 945 296 1020 semper
324 945 396 997 ona
423 929 507 1019 post
533 917 687 998 alteram
718 925 836 1018 major
864 929 959 1008 nata,
987 918 1168 1020 quamdiu
1196 946 1329 998 unaex
1351 916 1395 999 iis
1421 919 1460 998 in
1488 917 1561 997 hoc
1587 945 1665 998 sae·

146 1037 233 1118 colo
260 1035 328 1117 fiat
345 1037 444 1130 viva3
472 1065 558 1116 carn
589 1065 673 1117 vero
703 1036 783 1132 tilii,
811 1037 913 1118 filiae
941 1049 980 1118 et
1000 1049 1153 1140 nepotes
1174 1038 1373 1134 defuerint,
1392 1035 1662 1118 monasterinm

148 1153 274 1236 veniat
308 1156 347 1234 in
383 1167 604 1258 potestatem
641 1157 802 1236 duorum
839 1156 1132 1260 propinquorum
1169 1156 1330 1238 Olderici
1366 1155 1594 1236 marchionis
1628 1168 1665 1234 et

147 1276 279 1354 Bertae
306 1274 529 1369 comitissae,
556 1302 674 1377 nsque
702 1276 749 1355 ad
776 1276 951 1378 quintum
990 1275 1230 1380 genticulam.
1258 1276 1445 1355 Posthac
1476 1271 1665 1354 abbatissa

148 1393 215 1472 tiat
247 1421 291 1473 ex
326 1392 511 1474 electione
547 1395 836 1487 monacharum,
865 1441 881 1451 -
908 1395 945 1474 S.
973 1393 1135 1475 Odolrici
1171 1394 1418 1489 marchionis,
1447 1395 1482 1473 S.
1511 1392 1662 1474 Bertani

146 1511 372 1608 comitissae,
400 1512 545 1592 Atricns
573 1514 768 1617 episcopos
797 1513 976 1593 interfuit.

226 1635 396 1713 Herenzo
427 1633 593 1714 notarius
621 1645 659 1714 et
680 1634 798 1734 jnr'lex
825 1635 858 1712 S.
887 1633 1019 1712 Palatii
1048 1632 1206 1734 scripsit.

310 1784 349 1862 (Ε
372 1785 411 1844 R.
436 1784 512 1846 aab.
538 1785 733 1847 Tcnrinensi.
757 1786 943 1858 Taenariae,
967 1786 1124 1847 Artemide
1145 1786 1318 1859 illustrata,
1342 1784 1405 1858 111,
1424 1785 1497 1857 1363
1514 1785 1559 1846 M.
1568 1784 1613 1846 H.
1623 1785 1662 1846 P.

232 1880 340 1942 Ghort.
365 1882 392 1953 1,
415 1882 474 1943 col.
500 1885 580 1962 463).

330 2229 443 2294 LXIX.
471 2267 519 2277 -
547 2222 818 2297 canonicis
853 2223 894 2295 S.
929 2221 1227 2295 salvatoris
1260 2221 1485 2292 donatio.

409 2408 496 2481 1028,
521 2408 536 2465 l
560 2405 649 2466 Julii.
674 2377 773 2466 India
797 2421 845 2463 xr.
869 2402 959 2464 Intra
982 2402 1205 2464 Taurinensem
1228 2401 1404 2465 Oivitatem.

225 2587 418 2669 adelricus
446 2587 613 2667 astensis
634 2584 838 2690 episcopos,
857 2597 894 2664 et
912 2584 1105 2666 Odolricns
1125 2584 1381 2690 Magnifrados
1400 2584 1568 2665 marchio
1586 2612 1666 2691 ger·

153 2707 257 2790 mani
286 2707 308 2787 Ι.
336 2707 527 2810 quondam
557 2705 779 2811 Maginsredi
806 2703 1053 2798 marchionis
1083 2717 1120 2784 et
1146 2706 1256 2785 Berta
1283 2703 1472 2785 comitissa
1500 2703 1663 2785 Odolrici

153 2835 291 2929 conjux
310 2839 348 2905 et
366 2825 387 2904 Ι.
406 2825 493 2906 hon.
516 2853 629 2905 mern.
648 2823 819 2904 Autberti
839 2823 1083 2919 marchionis,
1103 2851 1235 2903 ornnes
1254 2824 1335 2928 lege
1356 2823 1522 2904 viventes
1542 2823 1667 2914 salica,
1689 2813 1692 2820 ’

152 2944 344 3028 canonicis
372 2944 584 3042 Salvatoris,
613 2946 648 3025 S.
677 2943 814 3023 Mariae
841 2956 879 3022 et
905 2945 939 3023 S.
966 2942 1154 3022 Johannis
1181 2942 1368 3044 Baptistae
1403 2942 1500 3023 intra
1531 2942 1663 3023 orbem

147 3065 419 3148 Taurinensem
448 3065 593 3144 donant
619 3062 860 3143 medietatem
881 3063 994 3143 cortis
1013 3062 1059 3142 de
1082 3061 1273 3143 Buriades.
1299 3063 1507 3142 Donatores
1534 3061 1666 3142 volunt

148 3197 190 3267 ut
217 3185 309 3264 haee
336 3183 522 3264 ordinatio
550 3182 589 3262 in
621 3181 761 3262 nullius
795 3181 978 3285 episcopi,
1007 3181 1204 3284 praepositi
1233 3182 1291 3261 vel
1319 3180 1501 3277 canonici,
1530 3180 1662 3260 sedin

147 3305 216 3386 Dei
244 3315 426 3409 potestate
454 3315 689 3405 permaneat,
716 3302 756 3382 in
783 3330 852 3382 osu
882 3313 920 3380 et
945 3311 1098 3404 sumptu
1126 3301 1460 3403 praesbitercrum,
1489 3299 1662 3380 diacono-

146 3452 256 3519 rum,
282 3422 602 3502 subdiaconorum
631 3432 700 3500 etc.
733 3420 840 3516 Quod
879 3421 910 3501 si
944 3420 1068 3524 aliqua
1108 3447 1267 3522 persona
1307 3446 1444 3525 magna
1478 3445 1664 3523 parvaque

148 3544 249 3623 hanc
276 3542 509 3622 voluntatem
538 3540 675 3621 violare
703 3539 977 3643 praesumserit,
997 3539 1178 3619 medietas
1200 3537 1322 3618 dictae
1349 3537 1461 3620 cortis
1487 3543 1666 3618 continuo

147 3663 186 3742 in
214 3661 450 3750 donatorum,
469 3659 525 3738 vel
545 3659 838 3761 propinquorum
860 3670 1082 3762 potestatem
1103 3657 1285 3737 deveniat.
1302 3655 1447 3738 Alricus
1467 3656 1665 3760 episcopus

146 3779 305 3883 scripsit.
334 3781 371 3859 S.
400 3776 622 3881 Maginfredi
652 3777 894 3871 marchionis,
922 3779 956 3858 S.
985 3773 1135 3856 Bertani
1163 3775 1389 3856 comitissae.

223 3901 394 3980 Herenzo
423 3897 588 3978 notarius
616 3911 653 3976 et
676 3898 791 3996 jadex
819 3897 854 3976 S.
883 3895 1012 3976 Palatii
1042 3895 1201 3998 scripsit.

306 4050 347 4130 (Ε
369 4049 444 4112 ch.
467 4049 556 4110 Eccl.
579 4049 708 4128 Metrop.
732 4047 942 4111 Tamicensis.
965 4049 1011 4110 Μ.
1033 4049 1079 4110 Η.
1103 4049 1142 4111 Ρ.
1166 4046 1274 4109 (thart.
1297 4048 1314 4109 I
1337 4048 1397 4110 col.
1422 4048 1504 4128 469).

321 4391 418 4458 LXX.
446 4429 496 4440 -
523 4384 818 4459 canonicae
855 4385 896 4457 Β.
933 4383 1233 4457 Salvatoris
1269 4384 1491 4458 donatio.

426 4569 515 4640 1028,
540 4571 554 4628 1
579 4568 670 4628 Julii.
693 4567 765 4628 Ind.
787 4586 838 4627 rx.
861 4566 951 4630 Infra
972 4566 1132 4628 civitatem
1154 4565 1389 4629 Tauricanaem.

218 4749 414 4831 Aldericus
441 4748 613 4831 Astansis
641 4747 847 4852 episcopas,
866 4761 903 4828 et
931 4747 1124 4828 Oldericus
1142 4748 1359 4828 Mansredus
1379 4748 1560 4844 marchio,
1581 4775 1664 4852 ger·

141 4870 246 4950 mani
277 4870 298 4948 Ι.
326 4871 519 4973 qnondam
547 4869 753 4962 Mainfredi
773 4867 1001 4948 marchionis
1029 4879 1067 4946 et
1093 4869 1203 4948 Berta
1232 4867 1423 4948 comitissa
1441 4874 1577 4969 conjnx
1600 4868 1665 4948 Ol-

141 4989 257 5070 derici
286 4989 416 5068 march
454 4985 477 5066 f.
497 4988 583 5068 bon.
603 5015 719 5066 mern.
738 4986 910 5068 Aotberti
931 4986 1083 5085 march,
1104 4987 1187 5092 lege
1205 4987 1372 5067 viventes
1400 4985 1524 5084 salica,
1553 5014 1662 5068 cano-

139 5108 250 5188 nicae
271 5107 423 5187 Dornini
443 5106 643 5188 Salvatoris
671 5107 768 5186 intra
793 5106 927 5185 urbem
947 5106 1219 5187 Taurinensem
1247 5106 1341 5186 sitae
1359 5107 1502 5185 donant
1520 5118 1661 5186 cortem

139 5229 178 5308 S.
208 5225 384 5306 Dalmatii
411 5228 459 5306 ad
484 5227 610 5306 'locum
640 5225 703 5330 qui
733 5225 870 5306 dicitnr
897 5253 1006 5306 mons
1034 5226 1194 5306 Electus.
1228 5228 1434 5306 Donatores
1462 5225 1663 5306 voluntat

140 5349 236 5426 haec
263 5344 449 5424 ordinatio
477 5345 515 5425 in
544 5344 685 5425 nollins
713 5345 888 5449 episcopi,
917 5345 1116 5449 praepositi
1145 5346 1202 5426 vel
1222 5343 1405 5438 canonici,
1432 5344 1496 5424 sed
1526 5345 1565 5424 in
1592 5345 1660 5425 Dei

222 5519 236 5558 4
278 5517 377 5566 cumr,
392 5515 477 5570 Repertis
490 5516 588 5558 conatum
603 5516 728 5558 sowudtoe.
