4070 6186
439 341 508 405 134
840 339 1039 407 REGESTA
1067 338 1272 407 coussuuM
1299 340 1546 408 sassauulau

830 774 1027 842 ucuuxvl.
1056 814 1089 822 -
1121 771 1318 846 castrum
1345 770 1562 859 Ripaltoe.

745 991 834 1070 1186,
855 988 904 1049 die
923 987 1035 1050 Martie
1055 991 1127 1050 sate
1147 987 1260 1048 foetum
1281 985 1422 1047 omnium
1442 988 1633 1047 sanatorum.

510 1187 749 1267 Marooardus
781 1187 880 1291 regis
909 1187 1167 1266 Romanorum
1203 1185 1347 1286 dapifer
1382 1182 1499 1262 mittit
1527 1185 1707 1264 Milonem
1735 1187 1932 1290 episcopum

433 1306 703 1386 Teurinensem
733 1307 771 1387 in
800 1305 1075 1410 possessionem
1103 1305 1213 1385 castri
1242 1305 1423 1407 triplae,
1446 1315 1484 1382 et
1510 1303 1625 1384 totius
1644 1304 1823 1407 Ripaltae‚
1849 1305 1933 1385 salvo

435 1438 561 1505 temen
586 1432 670 1527 jare
700 1426 825 1506 Ulrioi.

590 1595 653 1678 (Ex
673 1597 766 1657 Auot.
791 1593 869 1656 aab.
892 1557 1051 1674 Arohieps
1073 1592 1271 1656 Tourinenai.
1303 1593 1371 1656 cat.
1403 1594 1454 1666 48,
1479 1593 1570 1656 Fuso.
1593 1595 1622 1666 I,
1645 1613 1678 1654 n.
1713 1597 1741 1655 1.
1768 1593 1817 1655 Μ.
1841 1593 1882 1654 Η.
1905 1594 1933 1653 P.

511 1693 619 1755 Chart.
647 1695 674 1766 Ι,
698 1694 756 1755 ool.
779 1695 862 1770 943).
1486 1731 1490 1738 .

881 2071 1094 2142 OCCLXVH.
1123 2115 1158 2126 —
1188 2074 1505 2148 umbertum

736 2231 939 2313 perpetuo
966 2225 1139 2314 Imperii
1166 2228 1305 2300 benuo
1333 2228 1645 2302 condemnatur.

1138 2443 1245 2504 11872.

508 2641 692 2722 Heurious
721 2641 783 2734 VI,
812 2643 1068 2722 Romanorum
1097 2670 1172 2737 rex,
1192 2643 1389 2722 observato
1409 2642 1540 2722 ordine
1556 2641 1770 2743 judiciario,
1790 2641 1934 2722 Umber·

432 2775 512 2841 tum
542 2761 721 2842 oomitem
750 2761 961 2841 Sahaudiae
990 2789 1054 2864 per
1081 2761 1291 2865 principum
1312 2761 1459 2864 imperii
1479 2763 1710 2843 sentenciam
1739 2773 1777 2841 et
1803 2762 1934 2866 parium

430 2908 596 2970 snorum,
625 2894 802 2985 perpetuo
830 2879 978 2984 imperii
1012 2880 1137 2960 banno
1172 2881 1350 2973 damnat,
1379 2880 1490 2961 sionti
1526 2881 1767 2962 manifestum
1798 2881 1935 2961 hostem
2011 2937 2012 2988 p

431 3001 576 3103 imperii
604 3013 641 3080 et
668 3001 865 3105 praecipue
884 3002 985 3103 quod
1013 3000 1111 3080 hona
1146 2998 1308 3103 episcopi
1337 3001 1581 3080 Taurinensis
1609 3000 1791 3081 violenter
1818 3001 1936 3080 abstu-
2011 2991 2012 3073 i

433 3121 534 3198 lerat.
949 3113 958 3128 '

588 3291 793 3372 (Parioulum,
817 3291 851 3352 in
871 3309 932 3370 quo
950 3289 1107 3369 judioium
1129 3291 1279 3368 seriptum
1300 3291 1373 3365 fuit,
1395 3291 1589 3370 deperditam
1611 3291 1749 3364 videtum
1778 3291 1831 3354 eed
1851 3291 1883 3352 iu
1900 3289 1936 3349 di-

512 3388 647 3467 plomate
668 3388 869 3468 Imperatoria
891 3389 910 3449 't
930 3387 1007 3450 Maii
1027 3405 1209 3450 uoaxmx
1230 3391 1445 3466 memoratur).

783 3764 1015 3834 cccuxvlll.
1046 3803 1082 3814 -
1111 3763 1309 3836 oestrum
1336 3762 1595 3837 Avilltonao.

1147 3982 1233 4042 1187.

473 4212 523 4264 ,a
550 4181 680 4259 Mense
706 4177 850 4258 octobri
880 4179 1067 4281 praefatus
1095 4179 1280 4257 Henrious
1309 4181 1543 4282 imperatoris
1571 4180 1672 4261 filius
1701 4181 1740 4261 in
1768 4183 1931 4263 Lombar·

426 4300 526 4380 diam
554 4325 726 4379 reversus
752 4325 864 4401 supra
892 4299 1070 4377 comitem
1108 4298 1361 4402 Savogensem
1396 4299 1503 4379 duxit
1536 4301 1761 4399 exereitum,
1790 4313 1829 4382 et
1854 4300 1931 4382 dum

426 4419 546 4523 primo
573 4429 824 4522 expugnasset
850 4431 1026 4530 castrum,
1046 4417 1149 4520 quod
1166 4417 1359 4498 Vitianum
1379 4418 1527 4515 dieitur,
1548 4419 1643 4500 illud
1662 4420 1741 4500 solo
1761 4421 1926 4502 evertite

580 4587 775 4672 (arraona
808 4587 921 4649 Parma
952 4587 1142 4663 (diatonicon,
1174 4587 1244 4649 Lib.
1274 4591 1313 4662 Ι,
1338 4589 1412 4668 Gap.
1441 4589 1486 4650 11.
1518 4590 1719 4666 Mauram,
1753 4593 1797 4654 R.
1828 4591 1874 4655 It.
1903 4587 1930 4650 S.

505 4687 594 4751 'Pom
612 4685 670 4762 IX,
694 4686 752 4749 ool.
777 4688 846 4747 589.

502 4920 519 4960 a
539 4889 732 4970 Henrious.
749 4949 758 4966 .
776 4949 783 4966 .
802 4899 932 4969 oontra
955 4886 1133 4967 comitem
1155 4889 1364 4970 Sabeudiae
1383 4917 1469 4970 sues
1493 4888 1630 4970 direxit
1647 4889 1756 4971 aoies.
1773 4893 1929 4972 Castrum

423 5007 469 5088 de
495 5007 655 5104 Viliana‚
683 5011 783 5112 quod
812 5025 870 5090 est
895 5035 1006 5112 supra
1034 5008 1253 5101 Taurinum,
1281 5009 1406 5090 valida
1434 5010 1633 5092 obsidione
1660 5009 1824 5110 vallavit,
1844 5005 1928 5113 quod

422 5127 588 5208 finaliter
614 5127 789 5223 obtinuit,
816 5141 930 5234 atque
957 5128 1151 5210 destruxit.
1181 5165 1193 5198 ι

581 5301 792 5378 (Guaavaaur
825 5301 986 5363 Faernus
1021 5302 1203 5379 manipulus
1234 5301 1381 5375 Florum,
1410 5301 1473 5364 aive
1502 5301 1642 5364 Historia
1676 5297 1925 5364 mediolanensis,

504 5397 580 5476 Gap.
605 5397 743 5460 CCXVI.
766 5399 957 5471 Muranum,
980 5397 1022 5459 R.
1045 5397 1078 5459 I.
1103 5399 1136 5462 S.
1160 5398 1249 5460 Tam.
1278 5398 1337 5472 XI,
1362 5399 1420 5460 ool.
1444 5403 1512 5463 655.
