4070 6186
598 367 655 432 DE
681 363 829 432 AUREA
855 363 1027 430 TABULA

76 486 114 493 ,-.
128 481 523 490 .-—-.-—-.-——--—-0-.-.
533 480 616 486 .—

529 767 673 836 occur.
704 806 736 814 —
767 765 911 836 Aurae
939 762 1089 836 tabula

347 920 401 990 ab
428 918 541 992 Eool.
571 919 609 991 8.
637 917 834 991 Hauritii
861 917 1050 990 Amadeo
1077 919 1142 989 111
1169 916 1284 989 dcta.

100 1123 183 1190 1150,
206 1118 297 1180 Foris
319 1135 358 1190 ιι,
380 1117 458 1178 luna
479 1136 527 1190 rv,
552 1122 585 1198 (6
606 1116 714 1178 Martii
736 1117 784 1178 vel
805 1117 842 1176 27
866 1116 1062 1194 Novembris)
1083 1116 1122 1177 In
1146 1117 1332 1179 monastario
1349 1117 1537 1196 Agaunenai.

132 1301 362 1380 llumhortus
390 1327 518 1379 comes
560 1313 597 1378 et
625 1297 804 1388 marchio,
833 1296 1060 1377 nobilissimi
1104 1296 1253 1377 comitis
1282 1310 1319 1376 et
1346 1295 1577 1376 marchionis

63 1419 211 1501 dmcdei
243 1418 355 1512 filius,
375 1420 604 1498 monasterio
634 1421 669 1498 S.
692 1416 857 1498 lleuritii
878 1417 1116 1520 Agaunensis
1140 1417 1313 1496 concedit
1334 1429 1505 1519 receptus
1534 1415 1580 1494 de

62 1541 213 1644 Baignes
241 1552 279 1618 et
306 1537 497 1624 Octiart,x
524 1537 667 1618 scilicet
695 1537 809 1618 libras
838 1536 873 1616 in
898 1547 1133 1639 perpetuum.
1154 1537 1255 1616 Haec
1271 1535 1580 1640 praemittuntur;

62 1659 244 1738 Amedcus
274 1657 327 1739 lll
356 1681 420 1760 pro
448 1657 576 1737 tabula
605 1683 717 1736 aurea
752 1655 898 1736 valente
940 1685 1020 1734 nxvr
1063 1683 1205 1735 marcas
1243 1655 1338 1752 auri,
1372 1681 1483 1757 quam
1521 1655 1580 1734 Je-
1613 1673 1617 1682 “

64 1777 214 1858 roloscm
244 1777 476 1881 prolecturus
514 1803 643 1856 secum
680 1787 947 1879 apportaverat,
984 1775 1175 1855 canonicis
1211 1774 1503 1880 Agauncnsihus
1541 1774 1579 1853 in

63 1897 314 1978 vadimonium
342 1907 518 2000 posuerat
544 1909 715 1996 recaptus
743 1896 790 1973 de
818 1893 1031 1976 Camhlario
1051 1907 1088 1974 et
1114 1894 1160 1974 dc
1179 1892 1499 1984 Intermontibus3
1520 1920 1580 1997 po·

62 2029 134 2096 stea
160 2015 354 2097 Hubertos
382 2016 539 2095 Amedei
567 2013 671 2095 filius
713 2013 797 2094 illos
824 2013 1012 2094 redimere
1058 2012 1198 2102 volens,
1241 2013 1493 2116 spoponderat
1519 2041 1580 2092 ca-

64 2134 200 2217 nonicis
230 2146 383 2216 cantum
412 2161 554 2216 marcas
581 2134 724 2240 argenti
753 2145 791 2214 et
817 2134 910 2213 duas
938 2159 1082 2212 marcas
1112 2133 1205 2228 auri,
1233 2160 1392 2236 quarum
1421 2132 1580 2239 singulis

62 2255 163 2334 annis
192 2252 324 2360 viginti
353 2253 522 2357 quinque
550 2281 693 2333 marcas
720 2254 860 2356 argenti
889 2264 927 2332 et
953 2251 1149 2332 dimidiam
1193 2248 1290 2331 auri.
1308 2251 1494 2345 redderet,
1530 2252 1582 2332 ita

64 2387 99 2451 ut
123 2385 256 2476 quarto
283 2401 383 2453 anno
411 2399 601 2452 summam
630 2372 748 2452 debiti
777 2371 1013 2474 persolveret,
1041 2383 1079 2450 et
1104 2373 1150 2450 ad
1178 2378 1360 2473 majorem
1389 2369 1581 2452 certitudi-

64 2521 143 2571 nem
172 2491 323 2573 obsides
351 2493 518 2572 dederat.
547 2491 620 2572 Sed
648 2492 735 2596 qnia
764 2492 836 2571 hoc
856 2491 900 2570 ad
929 2492 1251 2594 comparationem
1278 2490 1430 2570 tabulae
1455 2491 1576 2572 lacere

62 2612 149 2691 nihil
178 2613 382 2702 videratur,
412 2612 615 2692 Umbertus
641 2613 682 2692 in
701 2612 921 2715 scrupulum
951 2612 1068 2699 venit;
1097 2623 1321 2716 quapropter
1348 2612 1579 2692 monasterio

63 2745 226 2835 receptus
256 2731 302 2811 de
331 2737 472 2810 Bca'ces
499 2743 537 2810 et
564 2737 702 2827 Octcot,
732 2761 754 2810 x
780 2731 922 2811 scilicet
950 2730 1077 2826 libras,
1105 2758 1195 2833 ques
1216 2728 1268 2811 ibi
1288 2729 1447 2836 singulis
1471 2729 1581 2812 annis

63 2851 222 2954 accipere
250 2850 408 2946 solebat,
438 2851 562 2931 donat.

131 2969 262 3050 Testes
290 2982 380 3050 sunt
407 2970 600 3049 Amedeus
636 2970 888 3049 Lausanensis
909 2969 1116 3071 episcopus,
1135 2970 1319 3052 Lodoicus
1349 2969 1581 3050 Sedunensis

65 3089 143 3190 epis.
172 3091 285 3196 Hugo
313 3089 430 3168 abbas
462 3088 633 3190 ejusdem
656 3088 740 3182 loci,
766 3089 877 3192 Almo
908 3089 954 3168 de
982 3089 1172 3186 Fulcinio,
1202 3092 1334 3170 Petrus
1359 3088 1419 3169 del
1449 3091 1582 3185 Torret,

68 3207 275 3312 Stephanus
304 3210 350 3289 de
379 3208 569 3304 llumillie‚
598 3210 678 3288 Odo
706 3209 752 3288 de
779 3208 927 3302 Baiuras,
946 3210 1165 3290 Reinaudus
1185 3211 1231 3290 de
1250 3210 1387 3302 Viteat,
1405 3209 1517 3289 Falco
1536 3210 1584 3289 de

66 3327 94 3404 S.
121 3329 312 3426 Mauritio,
340 3327 522 3410 Ricardus
551 3327 805 3409 Cancellarius
834 3343 871 3408 et
898 3330 1111 3432 complures
1140 3330 1270 3410 fratres
1290 3329 1474 3410 coenobii.

217 3501 260 3582 (E
289 3499 365 3563 Tab.
399 3499 431 3562 S.
456 3499 597 3562 Mauritii
620 3501 755 3580 Agaun,
778 3501 859 3564 adid.
892 3501 1103 3575 Gurcrranou,
1126 3503 1275 3577 macces,
1297 3521 1367 3583 pag.
1390 3503 1439 3563 88.
1469 3501 1583 3565 Recen-

135 3605 267 3660 rucront
284 3597 447 3658 cinnamo
468 3607 498 3658 et
519 3596 658 3670 Psonis,
680 3598 759 3660 Doc.
782 3598 840 3676 cip.
863 3615 944 3660 mou.
966 3618 996 3678 p.
1014 3601 1078 3676 64).

271 3944 409 4012 dcclv.
438 3979 474 3992 -
502 3943 564 4013 Dc
591 3943 734 4014 Aurea
763 3940 914 4014 tabula
940 3941 1131 4014 Ancaeo
1157 3944 1222 4015 111
1250 3942 1366 4015 dcte.

609 4111 695 4214 1150,
721 4139 811 4202 Faria
833 4159 872 4212 11,
895 4141 970 4202 lunc
991 4157 1038 4200 ιν.

132 4321 325 4402 Amcdens
353 4322 608 4402 Lausanensis
649 4319 910 4426 episcopusin
940 4323 1101 4426 quadam
1146 4323 1278 4405 notitia
1318 4323 1435 4404 instar
1460 4322 1583 4404 brevis

62 4441 330 4520 recordationis
359 4453 497 4520 narret:
528 4469 613 4519 cum
634 4441 825 4521 Amedcus
852 4469 980 4522 comes
1008 4455 1046 4522 et
1074 4439 1254 4533 marchio,
1286 4443 1485 4524 Hunrlrerti
1515 4469 1585 4522 oo-

62 4557 158 4638 mitis
187 4574 295 4662 pater
322 4573 359 4640 et
386 4559 539 4640 alterius
564 4559 764 4640 Humlierti
787 4560 901 4653 filim,
930 4561 983 4641 irc
1007 4571 1085 4666 jam
1114 4563 1280 4644 secundo
1307 4562 1582 4665 lerosolymam

62 4673 283 4775 intenderet,
312 4693 461 4759 etcum
491 4706 578 4781 rege
605 4681 839 4760 Francorum
869 4681 1031 4761 Lodoioo
1053 4694 1186 4785 nepote
1214 4711 1282 4763 suo
1310 4711 1349 4761 se
1377 4683 1423 4762 ad
1452 4683 1582 4762 debel-

60 4791 184 4877 landas
216 4797 584 4904 nationesllrarbaras
603 4813 828 4901 prepararet,
855 4827 1006 4879 auream
1030 4801 1194 4881 tabulam
1217 4805 1482 4906 Agauncnsem
1511 4803 1583 4883 sihi

62 4918 236 5014 praestari
266 4919 312 4996 ad
341 4918 532 5022 impensas
560 4916 706 4997 itineris
725 4945 743 4996 a
765 4918 941 4998 fratribus
962 4919 1181 4999 monasterii
1203 4922 1238 5000 S.
1267 4921 1432 5001 Mauritii
1460 4933 1584 5024 postu·

61 5031 156 5110 lavit.
185 5035 331 5117 Deinde
361 5049 463 5140 pacta
492 5049 677 5116 conventa
721 5065 809 5117 cum
848 5037 912 5116 illo
948 5051 986 5118 et
1026 5067 1112 5118 cum
1156 5038 1328 5120 Umberti
1369 5041 1421 5122 lll
1460 5040 1585 5137 refert,

61 5165 167 5250 prout
194 5158 233 5234 in
263 5155 499 5258 praecedenti
529 5157 658 5235 charta
686 5155 833 5263 legitur.

220 5325 264 5404 (E
285 5325 361 5388 ch.
384 5327 416 5388 S.
440 5325 584 5388 Mauritii
604 5327 742 5404 Agaun„
764 5327 845 5388 adid.
870 5327 1084 5400 Germanum«,
1117 5329 1266 5402 Prccccr,
1293 5347 1365 5408 pag.
1387 5331 1436 5390 38.
1469 5331 1584 5393 Recen-

137 5429 269 5484 aucrcot
291 5423 454 5484 Granium
475 5427 506 5485 et
527 5423 667 5498 Psonis,
689 5425 767 5486 Doc.
789 5427 849 5502 alp.
874 5426 972 5499 Mon„
994 5444 1024 5505 p.
1049 5425 1111 5504 67).
