4050 6188
574 360 714 430 ABBAS
740 359 1017 428 autunurtffls

467 798 589 866 GDLX.
618 837 654 848 -
681 798 837 868 Domus
863 795 914 867 do
942 795 1126 870 Aillone.

543 980 558 987 ’
631 991 705 1054 Sine
726 1009 809 1054 cuno
827 994 858 1054 st
877 992 955 1054 loco.

117 1175 279 1256 Thomas
319 1201 445 1255 comes
479 1174 781 1257 Mauriennensis
817 1187 854 1256 et
891 1176 929 1256 in
963 1175 1066 1257 ltalia
1100 1174 1270 1256 marchio
1304 1176 1466 1257 Domum
1505 1177 1551 1256 de

51 1296 198 1391 billunc,
225 1293 500 1377 carthusiensis
527 1293 670 1376 ordinis
697 1294 770 1374 sub
796 1294 1025 1400 protectione
1052 1308 1091 1375 ct
1109 1295 1279 1376 custodia
1297 1323 1364 1376 sua
1387 1295 1552 1400 suscipit.

197 1466 240 1543 (Ε
263 1465 340 1528 ch.
365 1465 474 1528 Ocrth.
497 1464 653 1527 Aillionis.
677 1465 884 1542 (inmunitate,
906 1465 994 1529 Hc'at.
1009 1443 1098 1531 'Octo
1121 1467 1272 1542 stouras,
1294 1486 1365 1547 pag.
1388 1469 1453 1548 52).

486 1859 627 1929 cccxl.
669 1899 712 1910 -
746 1857 814 1927 Dc
850 1854 1108 1929 Helduno.

557 2056 645 2130 1219,
668 2056 688 2114 3
709 2054 799 2117 Julii.
822 2055 915 2137 Apud
935 2056 1040 2120 Buris.

117 2241 325 2322 Concordia
353 2240 452 2321 inter
477 2241 659 2321 Thomam
689 2240 899 2321 Sabaudiae
920 2240 1098 2321 comitem
1118 2253 1156 2322 et
1173 2243 1392 2324 Bertoldum
1412 2243 1555 2348 episcc-

48 2390 130 2466 pum
148 2363 462 2442 Lausannensem
482 2388 595 2464 super
608 2367 694 2462 jura
712 2387 842 2440 eorum
862 2361 901 2441 in
921 2373 1042 2441 castro
1061 2375 1100 2442 et
1118 2361 1237 2462 burgo
1256 2362 1437 2458 Melduni‚
1455 2364 1556 2468 quod

50 2507 169 2562 comes
196 2508 220 2559 a
247 2479 421 2584 Philippo
448 2507 691 2560 romanorum
718 2505 806 2585 rege
840 2496 1040 2582 acceperat.
1070 2481 1232 2562 Thomas
1259 2482 1493 2588 recognoscit
1518 2485 1557 2564 in
1623 2563 1625 2568 ,

49 2600 156 2680 fendo
185 2610 315 2678 tenere
343 2597 391 2676 ab
418 2599 590 2703 episcopo
618 2597 746 2680 omnia
772 2625 846 2702 quc
864 2611 973 2678 antea
990 2601 1146 2680 comites
1164 2599 1433 2682 tabennenses
1451 2615 1558 2682 tene-

48 2719 135 2799 bant
162 2719 211 2800 ab
239 2717 412 2823 episcopo
442 2718 480 2798 in
522 2719 657 2804 feud0;
695 2717 881 2822 promittit
920 2717 1146 2800 solutionem
1187 2732 1338 2800 cantum
1375 2720 1555 2802 librarum

48 2837 373 2919 Lausannensium
401 2866 466 2940 pro
494 2839 593 2917 dicto
613 2849 745 2932 castra,
764 2838 864 2941 quod
884 2838 1068 2917 custodiet
1086 2840 1240 2920 nomine
1260 2839 1439 2921 ecclesiae
1457 2841 1558 2920 Lau-

47 2958 254 3038 sanncnsis.
281 2959 486 3061 Episcopus
514 2957 707 3036 renuntiat
743 2955 926 3036 exactioni
954 2957 1080 3059 placiti
1109 2959 1167 3039 vel
1186 2958 1356 3067 mutagii‚
1383 2971 1421 3038 et
1452 2959 1560 3063 polli-

48 3089 146 3156 cetur
169 3075 358 3178 justitiam
389 3077 508 3155 facere
536 3076 691 3156 domino
710 3076 751 3155 R.
772 3076 818 3155 de
835 3075 993 3155 Voltens
1012 3077 1221 3179 (Bottens‘t)
1240 3085 1345 3179 Juxta
1363 3079 1557 3159 arbitrium

49 3197 206 3277 duorum
236 3194 436 3276 bominum
466 3194 614 3275 comitis
641 3208 680 3274 et
704 3195 864 3275 duorum
902 3196 1104 3276 huminum
1138 3196 1311 3301 episcopi.
1347 3200 1443 3278 Item
1471 3225 1561 3302 pro-

51 3317 159 3395 mittit
187 3317 230 3395 in
257 3314 414 3419 gratiam
442 3314 607 3418 recipere
636 3315 833 3394 dominum
862 3319 908 3395 de
936 3314 1090 3418 Blcnay.
1129 3318 1182 3396 Dc
1216 3317 1444 3420 quibusdam
1471 3319 1561 3397 fide·

47 3434 151 3531 libus,
191 3463 287 3538 quos
323 3435 517 3538 episcopus
554 3434 722 3514 Meiduni
755 3433 896 3514 babere
929 3434 1089 3531 dicebat,
1116 3447 1295 3516 statutum
1324 3436 1395 3515 erit
1418 3436 1561 3536 judicio

49 3554 154 3634 trium
186 3553 390 3633 bominum
421 3552 467 3632 de
494 3552 674 3633 Melduno
701 3566 739 3634 et
765 3554 880 3635 trium
907 3554 953 3634 de
981 3553 1197 3635 Curciliacc.
1330 3645 1333 3660 .

206 3727 311 3808 (ER.
336 3725 413 3789 ch.
438 3725 641 3798 Taurinansi,
663 3727 804 3788 Berroia
830 3729 869 3790 dc
894 3728 996 3802 Vacat,
1024 3745 1094 3806 pag.
1123 3729 1174 3802 22,
1199 3730 1230 3789 st
1250 3727 1360 3788 Docta
1380 3728 1418 3788 dc
1439 3727 1562 3800 Soada,

122 3842 196 3903 pag.
221 3824 250 3898 1,
273 3845 306 3884 n.
329 3827 359 3884 4.
381 3823 552 3887 Concordia
573 3825 606 3884 in
628 3823 689 3885 tria
703 3829 774 3886 uate
787 3824 948 3887 dividitur.
966 3825 1058 3888 Edid.
1076 3825 1187 3886 Hnruu
1203 3825 1372 3900 cranao,
1386 3825 1432 3888 La
1446 3824 1564 3887 cambac

121 3921 160 3984 de
186 3921 338 4002 Otitlco).

313 4301 472 4370 uncxu.
501 4339 537 4351 -
565 4299 746 4370 rhome·
772 4304 817 4371 et
843 4299 988 4371 anua·
1015 4298 1296 4392 Asscnnenrtu.

620 4509 623 4526 ¹
682 4501 770 4575 1219,
795 4502 814 4560 4
837 4500 927 4562 tulii.

119 4680 332 4760 Concordia
359 4684 458 4760 inter
485 4680 671 4760 Thomam
698 4682 876 4762 comitem
903 4681 1114 4764 Sabaudiae
1141 4693 1179 4760 et
1205 4683 1415 4785 Aymonem
1443 4683 1566 4788 Agau-

47 4825 205 4880 oensem
237 4798 411 4880 abbatem
440 4800 487 4880 de
513 4799 612 4880 valle
641 4801 687 4880 de
714 4801 884 4905 Buignes,
902 4800 1161 4904 praesentibus
1181 4817 1218 4880 et
1242 4801 1568 4881 consentientibus

46 4919 220 4998 Amedco
257 4931 294 4998 et
326 4920 508 5001 Umbertc
542 4919 631 5000 filiis
667 4920 826 5000 comitis.
853 4921 955 4998 Haec
983 4921 1103 5022 primo
1141 4920 1335 5000 recordata
1367 4919 1437 4999 suit
1469 4921 1568 5024 apud

46 5039 221 5143 daignac,
249 5051 287 5118 et
311 5052 438 5143 postea
465 5040 652 5144 completa
680 5040 778 5142 apud
806 5037 1129 5138 Villambancam
1162 5039 1202 5120 in
1235 5039 1445 5143 praesentia
1471 5041 1567 5120 Lau-

46 5157 139 5239 drici
169 5157 337 5262 episcopi
364 5159 609 5241 sedunensis.

122 5279 258 5359 Testes
286 5279 439 5359 fuerunt
465 5281 585 5382 Aymu
612 5291 650 5359 ct
675 5277 901 5360 Vuillelmus
927 5277 975 5358 de
1002 5278 1132 5376 Turre,
1158 5278 1378 5361 Lantelmns
1406 5277 1453 5360 de
1480 5281 1570 5364 Miu-

44 5396 144 5495 lano,
171 5398 307 5478 Petrus
335 5399 381 5479 dc
409 5399 610 5502 Mapsoins,
639 5397 830 5480 Amedeus
854 5397 900 5480 dc
919 5399 1123 5502 Saysonus‚
1156 5397 1322 5480 Andreas
1357 5399 1405 5480 de
1439 5400 1570 5499 Cuina,
