4198 6190
126 588 424 691 propinquorum
453 587 632 668 ecclesiae
660 588 909 679 Cluniaeensi,
938 591 1002 671 uhi
1031 589 1138 671 Odilo
1166 590 1292 670 Abbas
1320 618 1468 694 praesse
1492 591 1648 687 ridetur,

128 711 248 788 donat
277 737 342 812 per
369 708 588 788 advocatum
616 736 727 788 suum
757 710 967 790 Hubertum
1004 711 1182 790 comitem
1205 737 1356 790 mansos
1384 711 1478 790 duos
1497 709 1536 790 in
1556 739 1647 816 pago

126 827 352 918 Genevensi,
380 855 498 906 unum
528 827 566 907 in
596 827 683 908 villa
712 828 928 934 Filingiaco,
957 828 1073 908 alium
1102 828 1139 908 iri
1169 828 1256 908 villa
1284 829 1470 910 cirnilntis.

269 981 444 1061 (Grsnanio
455 985 485 1044 et
496 983 632 1044 Pnours.
644 984 736 1055 Dec,
750 1003 779 1062 p.
791 982 1091 1060 muneramagna
1103 1001 1254 1045 manuum
1264 983 1448 1044 donatorum
1459 986 1490 1046 et
1498 983 1646 1059 testium).

470 1275 571 1339 xcii.
603 1313 651 1321 -
677 1269 979 1361 Emengsrdis
1006 1289 1094 1361 reg.
1124 1269 1310 1340 donatio.

719 1453 790 1514 Sine
812 1473 894 1514 anno
915 1457 945 1514 et
967 1454 1047 1514 loco.

203 1638 466 1742 Ermengardis
484 1637 613 1742 regina
635 1635 861 1716 monasterio
881 1637 916 1715 S.
936 1634 1106 1715 Andreae
1134 1631 1333 1714 subteriori
1363 1636 1478 1714 <tonat
1497 1635 1643 1716 vineam

124 1761 165 1838 in
197 1756 280 1836 rilla
307 1759 344 1836 S.
361 1753 549 1836 dohannis
569 1757 606 1834 in
627 1754 832 1848 Albinium,
853 1753 922 1833 sub
945 1753 1155 1855 praesentia
1175 1753 1320 1833 abbatis
1342 1753 1456 1843 iterii,
1476 1768 1513 1832 et
1532 1753 1645 1835 aliam

124 1878 276 1956 vineam
304 1903 415 1978 quam
446 1874 665 1955 Folcherins
692 1874 739 1954 de
767 1901 807 1952 se
835 1873 999 1952 tenebat.

204 1997 240 2075 S.
259 1993 434 2099 Reginae.
462 1996 608 2074 Testes:
637 1991 887 2099 Leodegarins
913 1991 1076 2094 archiep.
1101 1992 1277 2072 Artaldns
1304 1992 1549 2096 praepositus,
1574 1994 1645 2072 Gu-

126 2115 212 2220 rigo
239 2116 402 2195 decanus
431 2125 499 2192 eto.

287 2266 510 2346 (Ousvasrnn,
534 2267 642 2328 Ghart.
667 2268 699 2328 S.
723 2267 861 2328 Andreae
881 2265 1042 2328 Inferioris
1063 2265 1211 2340 Viennae,
1234 2286 1306 2345 pag.
1331 2265 1399 2340 272,
1424 2265 1503 2328 Dee.
1521 2267 1604 2344 228).

362 2559 481 2626 ΧΟΙΙΙ.
510 2599 560 2607 -
585 2555 739 2627 Altera
766 2554 1068 2647 'ermengardis
1095 2574 1184 2646 reg.
1213 2555 1400 2626 donatio.

726 2739 799 2800 Sine
818 2758 901 2799 anno
921 2741 952 2800 et
973 2739 1051 2800 loco.

203 2918 471 3022 Ermengardis
498 2919 627 3022 regina
656 2919 882 2999 monasterio
910 2921 946 2999 S.
975 2920 1144 2999 Andreae
1172 2932 1209 3001 et
1236 2917 1362 2998 abbati
1391 2918 1503 2999 Iterio
1530 2918 1644 2999 donet

127 3066 306 3137 mansum
334 3037 600 3118 Hermenberti
619 3052 656 3117 et
675 3039 920 3118 condaminas
948 3065 1043 3131 snas,
1061 3065 1155 3140 qnae
1175 3050 1265 3117 sunt
1282 3037 1381 3116 inter
1402 3037 1641 3117 Albinianam

124 3173 163 3236 et
191 3158 228 3238 S.
256 3157 495 3252 Johannem3
522 3169 711 3261 praetcrea
741 3171 889 3262 pratum
919 3158 1019 3262 quod
1048 3158 1086 3238 in
1107 3185 1223 3236 manu
1250 3185 1318 3237 sua
1345 3156 1508 3237 tenebat.

203 3277 239 3356 S.
267 3276 534 3382 Ermengardis
561 3277 725 3381 reginae.
753 3280 789 3358 S.
809 3277 992 3375 Festium‚
1013 3279 1115 3357 Haec
1141 3285 1239 3356 carta
1267 3276 1362 3356 facta
1381 3287 1438 3355 est
1454 3275 1525 3355 sub
1546 3302 1646 3378 prae-

126 3395 249 3475 sentia
277 3396 499 3502 Leudegarii
527 3396 688 3500 archiep.
718 3410 755 3476 et
781 3396 954 3477 omnium
983 3398 1248 3476 canonicorum
1278 3401 1370 3494 ejus,

287 3548 509 3628 (Onsvamrs,
527 3548 751 3611 Ohmtnlariun
767 3550 799 3610 S.
813 3550 951 3611 Andreas
965 3549 1124 3610 Inferioris
1139 3549 1287 3622 Viennae,
1302 3567 1371 3626 pag.
1387 3550 1455 3620 185,
1468 3547 1546 3609 Deo.
1561 3549 1643 3624 242).

271 3843 386 3910 XCIV.
425 3883 459 3890 -«
490 3839 661 3911 Alricus
686 3840 779 3911 Ast.
808 3839 910 3927 epis.
938 3841 1118 3910 nonest.
1148 3840 1188 3910 S.
1216 3839 1324 3910 Iusti
1353 3841 1499 3930 Segne.

240 4023 328 4093 1033,
350 4025 369 4080 8
391 4021 507 4082 Martii.
533 4021 600 4082 [nd.
626 4042 649 4080 1.
675 4021 816 4094 Taurini,
840 4021 872 4082 in
895 4024 996 4081 castro
1014 4020 1143 4099 desuper
1156 4025 1247 4099 porto
1262 4019 1410 4082 Seonsina
1431 4018 1543 4098 posito.

203 4203 362 4292 dirimas,
389 4204 558 4304 Assensis
585 4203 793 4305 episcopua,
814 4215 851 4281 et
877 4202 1071 4283 Odelricus
1108 4203 1362 4308 Maginfredus
1397 4203 1581 4293 marchio,
1619 4203 1641 4280 f.

126 4322 320 4426 quondam
340 4321 561 4426 Maginfredi
588 4322 830 4418 marchionis,
860 4336 898 4402 et
924 4325 1032 4403 Berta
1060 4322 1250 4404 comitissa
1278 4325 1300 4402 f.
1328 4323 1518 4426 quondam
1554 4323 1646 4402 Aut·

126 4441 224 4522 berti
252 4453 334 4538 etc,
363 4443 446 4545 lege
473 4441 637 4521 viventes
664 4442 790 4537 salica,
810 4443 1037 4523 monasterio
1055 4443 1111 4522 Ss.
1130 4443 1228 4523 Jnsti
1257 4457 1294 4521 ot
1312 4442 1429 4522 Mauri
1457 4441 1552 4520 inira
1575 4442 1646 4522 Se-

126 4560 273 4666 gusiam
293 4561 436 4640 donant
454 4560 547 4641 duos
567 4573 688 4640 cortes
705 4589 791 4641 cum
820 4574 941 4641 castro
961 4575 998 4641 et
1016 4561 1177 4665 capella3
1202 4590 1362 4666 quarum
1388 4589 1463 4641 una
1494 4571 1646 4641 vocatur

127 4682 272 4776 Mance,
298 4679 414 4758 altera
432 4680 542 4760 Petra
568 4680 720 4761 Auriola
741 4681 777 4760 in
799 4681 978 4761 comitatu
999 4681 1189 4762 Dianensi.
1214 4680 1526 4783 Insuperdonant
1552 4680 1646 4759 duos

125 4825 290 4894 mansos,
320 4827 439 4879 unum
476 4799 513 4878 in
552 4799 749 4889 Genecula,
777 4800 892 4881 alium
931 4802 969 4880 in
1006 4800 1216 4890 Carasionc,
1244 4828 1330 4880 cum
1365 4810 1546 4901 potestate
1583 4827 1646 4903 pa·

124 4919 254 5000 scendi
283 4944 452 5021 porcosa
480 4917 588 4998 litore
616 4918 729 4998 maris
758 4919 803 4998 ad
832 4919 992 5000 fluvium
1022 4921 1187 5000 Sturam.
1209 4918 1372 5000 Traditio
1403 4919 1448 4998 fit
1474 4946 1538 5023 per
1565 4917 1645 4998 eul-

125 5037 271 5130 tellum,
299 5037 478 5117 festucam
500 5051 568 5116 etc.
589 5085 637 5096 -
663 5039 809 5119 Alricus
829 5041 917 5142 epis.
944 5039 1175 5144 subscripsit.
1204 5041 1239 5119 S.
1268 5038 1428 5120 Odalrioi
1447 5051 1485 5117 et
1502 5038 1644 5116 Bertae.

174 5156 434 5243 ‚Giseloertos
463 5163 631 5238 notarius
659 5161 696 5239 S.
726 5158 857 5238 Palatii
886 5159 1042 5262 scripsit.

285 5311 459 5386 (Mmcrrr,
483 5311 633 5374 Memoria
653 5313 1002 5390 sterion-diplomaticus
1025 5315 1241 5391 opportuseutt
1260 5314 1325 5374 atta
1346 5311 1423 5372 cisto
1444 5312 1482 5373 ed
1503 5313 1538 5372 oi
1557 5327 1647 5372 mor-

203 5408 286 5469 ciaci
305 5408 340 5468 cr·
363 5407 503 5482 Sorano,
527 5411 588 5469 vol.
611 5411 628 5470 Ι
650 5429 719 5488 pag.
746 5411 826 5490 181).

204 5541 216 5580 5
257 5542 359 5588 cnossi,
374 5541 457 5593 mpetu
472 5541 570 5584 comitum
587 5542 712 5584 -s'otnudr'ae
