4198 6190
474 371 518 435 56
876 371 1073 438 REGESTA
1101 371 1305 440 OOMI'I'UM
1334 371 1579 439 SABAUDIAE

523 793 665 856 CLVIII.
690 830 723 837 -
743 788 854 859 Eccl.
875 789 915 860 S.
935 788 1100 858 Mariae
1128 787 1404 857 Noveriensis
1432 793 1475 858 et
1502 788 1614 858 Ecol.
1635 789 1673 860 Β.
1694 787 1938 861 (tendentia

822 986 910 1055 1062,
933 986 972 1044 20
994 983 1133 1044 Octobris
1153 983 1224 1044 Ind.
1249 1004 1272 1054 r,
1296 983 1335 1044 In
1358 987 1458 1045 castro
1481 983 1634 1046 Rivaltae.

544 1163 720 1270 Adolegia
745 1164 949 1253 eomitissa,
969 1164 992 1243 f.
1020 1163 1056 1242 b.
1087 1194 1135 1243 m.
1166 1165 1362 1245 llainl'redi
1392 1165 1622 1247 marchionis
1651 1183 1688 1248 et
1715 1170 1847 1250 relicta
1869 1200 1980 1274 qnon-

467 1283 553 1363 dam
588 1282 747 1377 odonis,
788 1283 867 1388 lege
896 1283 1023 1363 vivens
1052 1283 1173 1363 Salina
1207 1312 1252 1363 ex
1282 1284 1431 1364 natione
1460 1314 1547 1382 sna,
1576 1287 1755 1367 ecclesiae
1783 1289 1819 1368 S.
1851 1292 1980 1370 Mariae

470 1401 706 1482 Novariensis
734 1415 772 1480 et
798 1402 975 1482 ecclesiae
1003 1405 1038 1484 S.
1066 1403 1267 1484 Gaudentii
1296 1405 1410 1483 donat
1438 1405 1681 1486 medietatem
1708 1408 1821 1488 cortis
1851 1422 1891 1487 et
1917 1411 1980 1488 do-

468 1550 553 1600 mus
594 1521 749 1614 ooltilis,
791 1522 1033 1602 medietatem
1075 1523 1183 1602 castri
1219 1537 1256 1601 et
1291 1522 1454 1626 capellae
1491 1525 1526 1604 S.
1556 1525 1736 1628 Stephani
1774 1526 1812 1606 in
1843 1527 1926 1608 loco
1951 1545 1978 1607 ot

470 1640 584 1719 l'undo
611 1641 767 1722 lllosicio
794 1655 832 1733 et
859 1642 896 1721 in
931 1645 1149 1745 Carpaneto‚
1185 1656 1222 1720 et
1256 1643 1292 1721 in
1325 1642 1539 1748 thwgn,
1575 1645 1790 1726 districtum
1829 1661 1870 1726 et
1901 1649 1981 1728 telo·
2047 1635 2048 1706 Ῐ

469 1787 582 1838 neum
611 1761 657 1837 de
684 1761 943 1863 suprascriptis
971 1761 1093 1852 rebus
1112 1789 1196 1841 carm
1219 1762 1453 1864 pertinentiis
1480 1763 1667 1843 bonorum
1688 1780 1758 1844 eto.
1780 1813 1816 1822 -
1837 1768 1877 1846 S.
1895 1768 1981 1847 nae-

469 1876 587 1982 legiae
614 1879 828 1960 comitissae
856 1893 893 1960 et
921 1882 1086 1962 testium.

544 1999 903 2086 Francusnotarius
931 2001 968 2080 S.
995 2000 1127 2080 Palatii
1156 2000 1312 2103 scripsit.

628 2151 724 2231 (ER.
741 2153 817 2214 Tab.
836 2154 1039 2224 Trasumenni,
1064 2155 1210 2229 Benefici,
1235 2156 1370 2227 Novaro,
1394 2155 1467 2218 Fas.
1485 2159 1532 2224 19,
1550 2178 1581 2217 n.
1602 2165 1628 2219 1.
1653 2161 1819 2234 llnnnrrr,
1843 2161 1983 2223 Memoris

550 2249 584 2308 aa·
606 2249 746 2322 Solum,
769 2253 815 2312 M.
841 2253 885 2311 11.
911 2253 947 2312 P.
973 2252 1080 2314 Gharl.
1099 2253 1127 2324 1,
1151 2254 1208 2313 col.
1233 2253 1317 2331 599).

651 2611 761 2677 CLIX.
801 2651 839 2658 -—
867 2608 935 2680 Aa
961 2611 1189 2681 Esurioum
1216 2614 1277 2683 IV
1303 2613 1444 2685 Benzo
1474 2612 1670 2684 albensis
1698 2613 1799 2700 epis.

1153 2809 1271 2870 1063??

674 2990 799 3068 Unum
827 3003 893 3084 est,
923 2991 969 3069 alc
997 3018 1070 3091 qno
1098 3003 1133 3068 te
1163 2990 1256 3086 uolo,
1284 3001 1397 3093 pater,
1427 3001 1581 3069 cautum
1608 2989 1785 3068 reddere:

673 3107 920 3187 Harleleidam
949 3108 1089 3212 appella
1119 3108 1157 3188 in
1185 3109 1300 3214 regali
1329 3111 1466 3206 ledere,

670 3229 770 3306 Voca
797 3255 880 3306 eam
909 3230 1006 3334 rogis
1034 3241 1207 3322 matrem,
1234 3230 1264 3308 si
1294 3230 1347 3308 vis
1377 3231 1525 3309 hostem
1554 3228 1746 3331 repellere.

670 3348 741 3425 Per
768 3346 932 3450 legatum
960 3348 1080 3428 clama
1108 3376 1190 3427 eam
1220 3350 1439 3454 magistram
1466 3347 1629 3442 concilii,

671 3467 872 3546 Dominam
903 3481 1014 3570 atque
1045 3469 1250 3548 (lustricam
1278 3467 1492 3548 communis
1520 3467 1679 3564 consilii,

671 3585 719 3664 Ut
746 3587 906 3690 Hegeria
934 3588 1008 3664 alur
1038 3587 1107 3665 liait
1135 3586 1173 3665 in
1201 3585 1322 3666 causis
1351 3587 1525 3689 Pompili.

627 3739 814 3813 (Bnrzours
839 3740 982 3802 Albensis
1007 3742 1080 3820 spis.
1109 3741 1149 3802 ed
1175 3741 1348 3802 Henricum
1374 3741 1420 3802 IV
1446 3743 1524 3820 imp.
1553 3740 1676 3814 Pnnrz,
1704 3741 1750 3801 M.
1786 3742 1823 3804 θ.
1852 3741 1898 3802 Η.
1930 3739 1982 3810 XI,

549 3855 581 3912 p.
605 3838 688 3914 646).

918 4182 1009 4248 CLX.
1042 4217 1084 4254 -,-
1114 4180 1233 4250 Petri
1262 4183 1283 4250 1
1308 4181 1526 4269 placitum.

624 4380 714 4450 1064,
737 4381 774 4438 31
799 4379 876 4440 Julii
897 4379 969 4440 Ind.
993 4399 1030 4438 11.
1055 4378 1093 4438 In
1122 4384 1211 4457 proto
1240 4381 1271 4440 S.
1294 4379 1454 4441 Vincentii
1476 4379 1512 4440 do
1532 4379 1617 4440 Villa
1640 4377 1835 4449 Canthicus,

704 4511 793 4570 iuxta
814 4510 917 4572 rivum
939 4509 1052 4588 Topos,
1075 4511 1108 4570 in
1130 4510 1196 4570 loco
1217 4511 1271 4589 qui
1293 4515 1423 4571 vocatur
1445 4515 1534 4591 proto
1555 4510 1738 4572 Boniaonis.

541 4690 619 4770 Sub
648 4690 852 4792 papilione,
879 4689 1064 4769 Placitum
1086 4691 1183 4770 Petri
1205 4690 1445 4782 marchionis,
1466 4693 1488 4771 s.
1508 4691 1701 4795 quondam
1721 4689 1757 4770 h.
1779 4719 1827 4769 m.
1848 4689 1982 4772 Odonis
2047 4787 2048 4798 .

467 4809 715 4903 marciporis,
744 4808 856 4889 simul
886 4836 971 4888 oum
1000 4809 1209 4889 Adelheida
1237 4810 1427 4889 comitissa
1456 4825 1575 4890 matre
1602 4838 1681 4889 sua.
1708 4811 1874 4890 Aderant
1901 4838 1979 4888 cunr

465 4956 509 5007 eo
537 4914 768 5024 Rauranum,
804 4932 947 5009 Erenzo
982 4929 1221 5033 Burgundio,
1259 4929 1462 5018 Gossinns.
1491 4933 1663 5035 Paganus
1691 4957 1812 5020 n'azo,
1846 4928 1981 5009 iudicas

467 5051 502 5129 S.
530 5048 672 5141 Palatii,
701 5049 928 5129 Cnnibertus
956 5051 1150 5153 episcopus
1179 5051 1433 5145 laurinensis
1466 5050 1608 5129 ulricus
1635 5051 1698 5151 qui
1727 5049 1865 5130 dicitur
1892 5077 1981 5128 mar·

465 5169 564 5267 chio,
594 5182 631 5248 et
657 5171 848 5266 NitaraluS,
879 5173 970 5250 Urso
1000 5172 1045 5248 de
1075 5171 1184 5257 llooa,
1214 5169 1307 5248 Lido
1336 5169 1382 5249 de
1416 5181 1545 5251 monte
1573 5168 1716 5250 Marino
1756 5181 1794 5249 el
1824 5169 1897 5249 alii.
1924 5167 1974 5248 Al·

466 5289 595 5368 bertns
623 5288 738 5370 abbas
765 5289 1065 5370 Fruotnariensis
1098 5289 1316 5368 monasterii
1354 5305 1391 5368 ot
1426 5291 1554 5370 Bruno
1587 5292 1791 5369 arlvocatus
1818 5291 1979 5390 ejusdem

466 5410 681 5488 monasterii
724 5410 930 5489 ostendunt
967 5409 1170 5512 quamdam
1207 5421 1346 5488 cartam
1383 5410 1592 5489 offersionis
1629 5438 1724 5512 quae
1762 5409 1907 5513 legitur.
1942 5409 1979 5484 Et
