4050 6188
549 355 769 438 llXFlQUlAE
799 355 1012 424 GUILELMI
1039 357 1095 420 ull
1125 352 1216 422 SAR.
1548 355 1619 420 223

250 731 430 800 Dcxvtss.
459 769 495 784 ·-
524 729 780 822 Bomagium
807 728 1007 803 Guilelmi
1035 727 1085 799 de
1113 728 1455 801 Intus-montibus.

474 933 563 1004 1240,
585 933 603 990 0
623 929 655 991 d.
680 929 768 991 Julii.
792 926 863 989 Ind.
887 947 967 990 x111.
992 928 1220 991 Ghumbsrissi.

171 1112 397 1194 Guillelmus
437 1113 460 1192 f.
488 1112 679 1214 quondum
715 1109 909 1192 Guillelmi
945 1112 992 1190 de
1026 1111 1326 1191 lutermontibus
1361 1109 1449 1191 fauit
1482 1109 1617 1191 homu-

92 1232 200 1336 gium
241 1231 374 1336 ligium
409 1230 577 1310 Amedeo
610 1229 739 1310 eomiti
774 1229 986 1311 Sahaudiae
1021 1245 1058 1308 et
1091 1231 1129 1310 iu
1165 1229 1271 1311 ltalia
1306 1229 1516 1309 marchioni
1552 1257 1617 1332 pro

94 1365 218 1430 uestro
245 1349 476 1456 Montisbelli
506 1366 543 1429 et
569 1349 826 1443 lutermuntis,
855 1349 1115 1452 praesentibus
1132 1348 1335 1428 Vullielmo
1358 1348 1404 1426 de
1423 1345 1619 1428 Mirehello

91 1482 132 1549 et
160 1470 361 1573 liudulpho
388 1470 435 1549 de
462 1469 639 1550 Gresieuo
667 1469 856 1549 tutoribus
884 1469 973 1549 dieti
1002 1467 1205 1549 Guillelmi.

171 1592 299 1671 Testes
325 1589 478 1669 luerunt
504 1590 732 1669 Othumarus
762 1588 959 1669 Alemandi
980 1589 1169 1685 dominus,
1196 1588 1427 1668 Humbertus
1454 1589 1501 1669 de
1528 1590 1618 1691 Sey·

88 1709 198 1799 sellu.
228 1709 402 1790 Vulterus
430 1709 478 1786 de
505 1709 698 1812 Revoyria,
726 1707 953 1788 Vullielmus
981 1710 1027 1789 de
1052 1707 1201 1805 Villeta‚
1231 1721 1268 1787 et
1295 1707 1368 1788 alii.

171 1829 337 1908 lacobus
363 1828 399 1908 S.
429 1827 559 1907 Palatii
588 1839 626 1907 et
652 1828 803 1908 comitis
832 1827 1042 1908 sabaudiae
1071 1828 1238 1908 notarius
1265 1825 1421 1932 scripsit.

257 1982 298 2065 (Ε
321 1981 360 2042 Β.
384 1980 461 2044 unt.
486 1981 697 2064 Teurinensi).

466 2293 614 2362 DOXIX.
643 2331 679 2342 —
709 2288 954 2378 capitulum
981 2289 1246 2362 csmbsrssl.

671 2487 760 2560 1240,
782 2503 885 2548 mense
907 2488 1058 2564 Augusto.

147 2669 353 2752 Conveutio
382 2669 479 2748 iuter
506 2667 689 2746 Thumem
720 2669 766 2746 de
785 2667 973 2748 Sabeudie
992 2666 1171 2748 comitem
1192 2669 1392 2749 Flendriae
1412 2681 1449 2749 et
1466 2669 1614 2750 lohan-

88 2817 183 2869 nam
212 2787 440 2869 comitissam
463 2815 508 2866 ex
526 2815 601 2866 uua
620 2804 733 2889 perte,
752 2801 790 2867 et
807 2787 1020 2891 Capitulum
1044 2787 1261 2868 Cambaraei
1290 2815 1334 2867 ex
1362 2789 1487 2882 alteru,
1505 2817 1616 2894 supra

87 2908 337 2988 avoeheriam
366 2907 539 3012 Onnuing
565 2920 602 2985 et
630 2907 872 3002 Oueroubles.

259 3079 519 3162 (emmunim,
542 3079 618 3140 Leo.
641 3079 696 3141 uit.
719 3099 789 3158 pug.
814 3083 877 3158 21).

458 3397 587 3468 Dcxx.
614 3437 664 3450 -·
692 3395 933 3485 Hospitium
961 3397 1000 3468 8.
1028 3394 1260 3469 Elisabeth.

810 3594 898 3654 1240.

165 3775 334 3854 Thomas
362 3776 407 3853 de
437 3771 625 3892 Sebaudia
645 3798 771 3851 eomes
789 3772 987 3854 Flaudriee
1007 3785 1045 3852 et
1061 3771 1239 3853 Joheuua
1264 3773 1455 3855 eomitissa
1475 3777 1615 3856 sedunt

82 3895 264 3997 Hospitio
291 3895 327 3975 S.
357 3892 549 3974 Elisabeth
583 3925 599 3964 u
627 3891 672 3972 ud
702 3893 877 3996 Quesuoy
896 3929 911 3963 υ
933 3901 996 3994 jus
1022 3893 1238 4003 conferendi
1267 3893 1414 3974 scholas
1442 3894 1615 3990 uivitutis,

79 4013 302 4096 dummodo
329 4013 488 4116 gratuitu
516 4013 767 4108 conferentur,
799 4013 845 4091 de
873 4039 976 4092 more
1004 4017 1186 4096 comitutu
1216 4011 1448 4096 Hannoniae.

255 4167 520 4249 (Rmuusuusuu,
541 4165 617 4228 Isou.
641 4167 696 4228 uit.
720 4185 791 4247 pag.
816 4167 879 4248 22).

209 4483 353 4550 Dcxxt.
384 4521 418 4533 -
446 4479 660 4568 Exequtee
689 4481 889 4556 Guilelmi
917 4482 967 4555 de
996 4484 1091 4555 flnb.
1118 4484 1229 4554 Eleo.
1258 4482 1492 4557 Valentini.

808 4680 897 4744 1240.

169 4861 396 4943 Guillelmus
434 4861 479 4940 de
513 4861 715 4956 Sabaudm,
751 4864 901 4943 Electus
941 4861 1162 4942 Valentinus
1203 4890 1349 4944 veneno
1385 4865 1612 4966 interceptus

79 4980 240 5064 Viterbi
269 4981 419 5060 decedit
444 4981 504 5060 die
533 4980 703 5060 omnium
734 4984 956 5061 Sanctorum
987 5008 1087 5061 euno
1119 4989 1224 5061 1939.

256 5135 448 5210 (Missum
472 5135 585 5206 Peius,
609 5135 756 5196 Historia
783 5135 913 5212 Major,
944 5135 1059 5213 pagina
1088 5135 1157 5194 517.
1184 5135 1222 5196 Iu
1250 5135 1366 5198 Chron.
1392 5137 1613 5202 Alueuumbee

175 5231 234 5310 (Μ.
258 5231 303 5294 Η.
327 5231 365 5292 Ρ.
390 5231 487 5308 Surip.
504 5233 531 5291 Ι.
550 5231 615 5292 001.
633 5233 700 5308 6735
719 5232 849 5309 legitur:
872 5254 886 5290 u
910 5231 1002 5291 Auno
1023 5231 1142 5292 domiui
1163 5250 1342 5292 uccxxxix
1363 5233 1482 5294 deletus
1503 5234 1564 5296 fuit
1578 5234 1613 5297 du

176 5329 272 5390 (luris
293 5327 435 5389 Romanu
449 5327 680 5389 illustrissimus
700 5327 747 5389 vir
761 5328 905 5389 dominus
926 5328 962 5389 de
984 5329 1140 5391 Sabsudia
1161 5330 1286 5390 Electus
1303 5329 1458 5404 Valeuuie,
1474 5333 1528 5409 qui
1543 5332 1612 5392 inde

174 5425 374 5487 Guillermus.
389 5468 418 5486 ..
443 5425 532 5486 tertio
552 5443 650 5486 nones
672 5425 749 5486 Muii
770 5430 837 5507 (en.
863 5427 953 5504 1240)
973 5424 1036 5487 tuit
1056 5425 1107 5488 hio
1127 5425 1306 5488 honoriliee'
1320 5427 1508 5506 tumulatus)
1529 5450 1557 5489 ›.
