4096 6190
509 361 773 430 BONIFAOIUS
800 359 1171 430 ARCHIEPISCOPUS
1525 361 1595 426 249

86 601 135 680 ad
162 625 203 679 sc
229 599 352 701 ipsum
380 596 595 702 spectantia.
622 596 819 678 Comitissa
847 594 1036 676 investivit
1061 595 1108 675 de
1136 593 1246 675 rebus
1266 595 1379 675 cessis
1399 595 1598 703 Hugonem

85 719 134 800 de
161 717 374 819 Amayzinu
403 727 678 820 procuratorem
706 727 744 794 et
771 716 947 794 nuntium
975 715 1062 794 dicti
1092 715 1259 794 Thomae
1293 715 1471 796 absentis.

164 837 307 916 Testes:
334 835 441 915 Will.
469 833 707 931 Bonnivard‚
738 835 775 914 P.
812 834 858 912 de
891 835 992 914 Cano
1025 833 1072 912 de
1106 831 1299 934 Rumiily,
1328 835 1365 912 Ρ.
1395 834 1519 914 1101110
1552 837 1598 916 de

87 956 276 1036 Belliccio.
889 1052 891 1058 Ι

165 1073 383 1155 Willeimus
412 1074 576 1155 notarius
604 1076 640 1156 S.
669 1073 802 1155 Palatii
830 1087 868 1154 et
895 1072 1053 1154 comitis.

248 1245 290 1326 (ll
312 1244 351 1305 B.
376 1243 452 1306 ch.
477 1205 672 1317 Taurineusi,
695 1243 837 1306 Matrini.
862 1243 1003 1322 Principi
1022 1245 1073 1306 del
1093 1261 1219 1322 scapus,
1243 1243 1333 1306 Fusa.
1357 1246 1390 1318 1,
1414 1263 1446 1304 n.
1470 1247 1498 1304 2.
1522 1243 1598 1306 Vide

61 1411 80 1444 ι
166 1341 365 1421 Pingonium,
387 1343 477 1420 805).

475 1738 601 1806 DOCX.
639 1773 687 1789 -
726 1735 923 1805 oestrum
959 1732 1009 1804 de
1045 1731 1210 1822 Bicley.

482 1930 568 2004 1244,
591 1932 609 1990 2
629 1929 659 1991 d.
683 1928 854 1991 Februarii.
878 1928 968 2008 Apud
989 1927 1190 1991 Meudunum.

160 2127 377 2208 Wilielmus
405 2127 452 2207 de
478 2125 606 2228 Bioiay
634 2125 860 2232 impignoret
884 2126 994 2206 Petro
1021 2126 1068 2204 de
1093 2123 1282 2206 Sabaudia
1299 2137 1463 2206 castrum
1482 2153 1593 2205 suum

81 2247 132 2327 de
158 2245 287 2349 Bioley
312 2273 399 2327 cum
426 2243 509 2325 aliis
538 2243 643 2324 terris
669 2273 734 2347 pro
764 2243 868 2324 mille
896 2256 934 2323 et
952 2243 1136 2324 sexcentis
1155 2257 1193 2324 et
1212 2256 1369 2346 quatuor
1389 2243 1493 2325 libris
1514 2245 1597 2324 lau-

87 2366 353 2446 saunensibus.

243 2535 284 2618 (u
306 2535 344 2596 R.
368 2534 443 2597 urb.
467 2533 664 2608 1000100001,
688 2533 811 2595 Inveni.
836 2531 923 2604 ded„
948 2531 1039 2594 Fuso.
1063 2533 1095 2604 4,
1118 2551 1150 2593 0.
1174 2532 1237 2611 69).

366 2928 508 2997 Dccxl.
538 2967 574 2976 -
601 2921 741 2994 David
769 2922 1023 3011 capellanus
1050 2922 1231 2995 Amadel
1255 2925 1327 2996 lv.

552 3119 640 3198 tals,
665 3127 702 3185 10
722 3124 753 3184 d.
778 3122 948 3185 Februarii.
971 3125 1129 3205 Lugduni.

159 3321 400 3402 innocentius
428 3322 475 3402 iv
502 3283 656 3422 nivini,
685 3322 884 3426 capetano
922 3325 1059 3406 nonius
1086 3327 1154 3407 nn
1192 3323 1341 3406 semies
1375 3322 1594 3420 sabaudiae,

76 3438 217 3518 rectori
244 3439 421 3519 ecclesiae
449 3439 494 3520 de
522 3441 691 3521 Latuelle
718 3441 1082 3544 Gratianopolitanae
1115 3442 1321 3532 dioecesis,
1348 3442 1521 3521 concedit
1547 3441 1596 3521 li·

77 3557 246 3638 centiam
274 3558 461 3638 retincndi
489 3557 663 3640 ecclesias
691 3561 738 3640 de
766 3562 935 3641 Latnelle
962 3577 1000 3642 et
1026 3564 1073 3642 de
1110 3561 1235 3658 larzie,
1265 3589 1423 3664 qrrarum
1451 3560 1594 3641 reditus

78 3676 249 3756 valerem
277 3676 409 3783 viginti
437 3679 603 3780 quinque
631 3678 811 3760 librarum
840 3680 981 3760 usualis
1009 3694 1183 3762 monetae
1211 3681 1320 3762 annis
1340 3679 1500 3785 singulis
1520 3707 1592 3758 non

80 3796 285 3876 excedunt.

244 3966 407 4046 (Buranun,
431 3967 588 4045 sepsere
611 3967 792 4029 d’lnnoeent
812 3968 876 4043 IV,
900 3968 977 4029 Doc.
999 3971 1070 4041 981,
1092 3968 1161 4030 Vol.
1184 3969 1213 4040 l,
1235 3988 1267 4048 p.
1292 3970 1372 4048 159).

135 4358 294 4427 cccxli.
325 4397 358 4407 -
386 4353 634 4430 Bouitsoius
661 4355 712 4428 ds
741 4356 958 4429 sabaudie
984 4358 1180 4448 Archlep.
1211 4358 1541 4433 centuariensle.

584 4557 671 4631 1244,
695 4559 713 4617 2
733 4556 763 4617 d.
787 4555 915 4636 Aprilis.
939 4553 1096 4617 Laterani.

157 4753 401 4834 Innocentius
428 4754 479 4834 IV
506 4753 656 4834 nuntiat
682 4754 875 4834 Boniiacio
894 4755 940 4834 de
960 4753 1147 4834 Sabaudia
1165 4751 1285 4832 electo
1305 4752 1475 4852 Archiep.
1495 4752 1592 4830 Can-

77 4872 262 4953 tuariensi
280 4899 320 4952 se
334 4871 388 4951 iili
407 4873 562 4975 pallium
582 4901 647 4976 per
665 4875 878 4979 Hugonem,
894 4871 1047 4952 fratrum
1067 4872 1363 4976 praedicatorum
1384 4871 1422 4950 in
1437 4869 1594 4950 Francia

75 4989 364 5096 provincialem,
392 5002 429 5070 et
466 4992 699 5094 Stephanum
739 4994 969 5093 superiorem
1010 4990 1317 5073 Cantuariensem
1354 4986 1590 5091 capellanum

73 5138 204 5203 suum,
233 5109 485 5213 praesentium
513 5111 649 5190 latores
667 5111 865 5204 destinare,
885 5110 984 5213 qnod
1005 5110 1072 5212 ipsi
1097 5109 1290 5212 episcopus
1309 5106 1593 5188 Hereiordcnsis

76 5255 156 5310 una
183 5256 268 5307 cum
298 5227 446 5308 duobus
475 5229 616 5310 nuntiis
642 5229 901 5334 assignaturus
929 5241 998 5308 est.

243 5405 404 5485 (Burnus,
426 5407 586 5486 Repirtrcs
607 5407 789 5470 d’lnnccent
810 5407 875 5481 IV,
898 5406 976 5468 Doe.
997 5407 1069 5478 685,
1088 5406 1161 5468 Vol.
1183 5404 1212 5478 1,
1232 5423 1262 5484 p.
1287 5405 1368 5482 101).

176 5557 201 5598 12
229 5555 328 5605 tinem.
343 5555 427 5610 deposta
440 5557 538 5599 remitum
553 5557 677 5600 dalcudtar.
