4070 6186
546 410 696 479 DOMUS
723 407 1045 476 ALTAECUMBAE

435 765 548 833 cuvl.
576 801 613 814 -
641 759 946 834 nonasterium
971 757 1164 850 surgon.

198 903 285 983 120l,
308 927 405 971 mens.
428 909 541 989 Aprili.
564 909 657 990 Apud
680 907 918 971 Oumboriuoum
937 909 1009 968 onte
1028 906 1191 969 soolesiom
1211 905 1397 987 Hospitalis.

117 1057 277 1137 Thomas
303 1085 442 1154 nomes,
471 1058 573 1138 lilius
602 1057 772 1140 Umberti
801 1056 960 1150 comitis,
981 1056 1182 1136 confirmat
1207 1055 1435 1136 monasterio
1462 1055 1559 1136 Bur·

49 1176 115 1282 geli
142 1177 365 1258 donationes
392 1179 439 1257 ah
465 1178 634 1258 Amedeo
655 1188 693 1256 et
713 1177 907 1264 Umberti),
926 1204 993 1256 avo
1012 1189 1049 1254 et
1069 1189 1170 1276 patre
1190 1203 1258 1256 suo
1278 1175 1405 1255 factas

115 1295 239 1376 Testes
266 1297 418 1376 fuerunt
445 1299 576 1376 Petrus
604 1296 650 1376 de
669 1295 827 1398 Seyssel,
847 1293 1049 1375 Guifredus
1070 1294 1329 1386 Mnmsealuus,
1355 1293 1557 1376 Mauricius

52 1415 217 1494 noterius.

196 1541 239 1626 (a
260 1542 338 1606 Tob.
361 1543 501 1623 Burgsti.
525 1543 619 1605 ulit.
642 1543 852 1616 (iumasuou,
874 1541 960 1604 Eiet.
983 1543 1059 1604 Gon.
1082 1543 1233 1616 Preooos,
1255 1559 1327 1622 pag.
1350 1541 1417 1622 88).

111 1837 242 1904 GDVII.
272 1875 308 1886 -
334 1831 494 1922 sophis
521 1832 715 1908 Umberti
743 1833 807 1905 111
833 1829 863 1904 i.
889 1830 1049 1904 Azoni·
1075 1833 1137 1904 v1
1163 1831 1343 1903 ostensio
1370 1850 1486 1902 uxor.

589 1979 647 2044 Ob.
670 1983 689 2042 8
711 1979 887 2044 Dooembris
909 1982 998 2042 1202.

246 2131 325 2210 Hoo
347 2136 447 2232 jacet
474 2129 512 2210 in
539 2130 689 2210 tumulo
718 2131 777 2234 pia
804 2129 961 2210 nomine
989 2129 1102 2234 Virgo
1129 2128 1279 2210 Beatrix

240 2251 342 2343 Quae
369 2247 440 2328 fuit
465 2276 510 2329 ex
536 2247 664 2330 animo
693 2247 842 2330 divinae
869 2248 964 2356 legis
991 2248 1162 2334 amatrix.

240 2368 408 2448 Murohio
436 2394 548 2472 quam
576 2369 707 2474 genuit
733 2369 900 2449 Estensis
929 2379 966 2448 et
992 2369 1069 2449 Azo
1097 2379 1263 2463 vocatus,

241 2486 404 2592 Coniuge
431 2489 539 2568 Patre
567 2499 658 2582 sata,
685 2487 875 2568 Sabaudia
903 2488 963 2568 oui
991 2486 1211 2568 Comitatus.

212 2632 406 2708 Moasuosi,
434 2631 601 2695 Antelios
628 2633 774 2704 Buteoni,
798 2631 885 2693 Tom.
914 2633 947 2706 1,
976 2653 1008 2712 p.
1035 2635 1104 2696 406.
1135 2631 1267 2700 Binan,
1297 2632 1449 2694 Memorio
1475 2635 1559 2694 dello

113 2713 156 2774 B.
214 2712 681 2786 summasunmna,
705 2711 775 2792 Tip.
798 2712 969 2786 Emmaus,
993 2713 1082 2786 1878,
1104 2731 1177 2792 pag.
1200 2713 1265 2790 ta).

425 3008 576 3076 CDVIII.
606 3047 641 3057 -
669 3002 835 3076 villula
861 3003 901 3076 8.
931 3001 1178 3095 Gingulphi.

568 3153 657 3224 1208,
681 3155 717 3212 15
739 3150 858 3212 Martii.
883 3149 1025 3213 Thouon.

106 3301 286 3391 Thomas,
305 3299 607 3380 Mauriennensis
625 3325 752 3380 eomes
771 3313 808 3380 et
827 3297 997 3381 marchio
1015 3297 1161 3398 ltaliae,
1183 3299 1331 3380 nullum
1346 3306 1409 3401 jus
1426 3298 1466 3381 in
1493 3301 1560 3382 vil·

39 3415 107 3498 lula
134 3421 173 3501 S.
205 3418 410 3524 Gingulphi
440 3419 581 3500 hahere
610 3419 773 3499 declarat
791 3429 935 3523 praeter
961 3419 1074 3499 unius
1102 3419 1177 3500 diei
1205 3431 1243 3500 et
1267 3418 1387 3499 noetis
1421 3431 1559 3502 tractus

39 3551 118 3618 ante
144 3537 323 3620 Natalem
351 3538 519 3633 Domini,
545 3538 576 3619 si
605 3539 759 3641 quidem
789 3551 916 3618 tamen
946 3538 1066 3620 trihus
1093 3538 1326 3636 hominibus,
1355 3539 1493 3642 quihus
1511 3543 1555 3620 acl

36 3655 212 3740 levandos
240 3671 379 3738 tractus
407 3657 575 3754 veniunt,
605 3657 712 3739 uibus
731 3659 965 3739 necessarius
983 3657 1182 3755 debeatur3
1200 3669 1365 3740 aeterum
1387 3657 1555 3740 villulam

34 3777 77 3857 ad
103 3779 287 3860 abbatem
319 3779 609 3859 Habundantiae
637 3778 838 3880 pertinere.

104 3898 255 3981 Testes:
282 3900 322 3978 P.
351 3899 397 3979 de
426 3899 599 4002 Compeis
626 3897 853 3978 castellanus
881 3897 928 3977 de
956 3897 1139 3992 Fisterna,
1160 3899 1335 3979 ‘marchio
1354 3911 1444 3980 tuno
1461 3912 1556 3979 tem·

33 4025 124 4118 poris
152 4017 386 4099 castellanus
415 4017 461 4096 de
489 4015 650 4122 Alingio,
680 4016 907 4097 Guillelmus
934 4016 980 4095 de
1009 4017 1177 4110 Servent,
1204 4016 1403 4096 Guifredus
1431 4019 1555 4097 Mare·

30 4137 186 4234 seuleus,
217 4139 258 4217 P.
286 4137 332 4216 de
368 4137 497 4226 Lunet,
535 4136 759 4216 Guillelmus
794 4137 841 4216 de
875 4137 1006 4238 hyms,
1045 4136 1260 4240 Stephanus
1295 4137 1342 4214 de
1380 4137 1556 4230 noverea,

29 4256 258 4338 Guillelmus
273 4255 455 4347 marchio,
473 4255 677 4336 Ansslmus
695 4255 873 4335 Mistrnlis
889 4255 949 4334 del
966 4255 1111 4358 Selvsy,
1127 4255 1287 4336 Girodus
1301 4256 1347 4334 de
1361 4257 1556 4358 Sessenay,

30 4377 236 4457 llorandus
265 4377 311 4456 de
338 4375 499 4480 Alingio,
533 4375 723 4455 hmedeus
758 4375 835 4455 vioe
867 4374 1044 4454 dominus
1080 4375 1260 4466 Fisterne,
1295 4373 1557 4456 etWillemus

30 4493 140 4574 frater
157 4503 259 4599 ejus,
276 4496 487 4576 Ludovious
505 4496 668 4600 Devogy‚
691 4492 903 4574 Ludovious
922 4495 968 4572 de
990 4493 1172 4586 Fisterne,
1191 4493 1418 4574 Guillelmus
1438 4493 1557 4575 abbas

31 4614 329 4697 Habundantiae
357 4626 425 4695 ete.

188 4741 384 4826 (Ganatuo,
406 4743 484 4804 Doo.
507 4743 636 4822 relotifs
656 4741 678 4802 h
701 4739 814 4804 l'Hiat.
837 4740 882 4802 do
908 4741 1043 4812 Vatinia,
1066 4740 1095 4814 1,
1118 4761 1150 4821 p.
1175 4742 1243 4816 153,
1268 4739 1347 4802 Duo.
1371 4741 1455 4820 210).

438 5035 618 5102 01211-
650 5033 806 5103 Domus
838 5031 1159 5104 Altoooumboo.

260 5181 346 5255 1208,
370 5180 409 5240 22
431 5179 583 5242 Oolobris.
605 5180 698 5259 Apud
720 5177 956 5240 Oomberisoum
977 5179 1011 5238 iu
1033 5179 1124 5238 domo
1146 5179 1332 5257 Hospitalis.

102 5330 280 5409 Thomas
306 5355 432 5410 eomes
461 5309 704 5409 Mauriennae
732 5339 769 5406 et
796 5327 964 5408 marchio
992 5327 1118 5408 Italiae
1139 5356 1203 5430 pro
1224 5329 1390 5408 remedio
1408 5328 1556 5409 animae

26 5473 115 5527 suae
144 5464 185 5528 et
214 5449 418 5552 patrissui
448 5447 617 5530 Umberti
644 5447 793 5528 comitis
821 5446 857 5526 h.
886 5475 935 5526 m.
964 5461 1001 5527 et
1028 5445 1154 5528 uxoris
1180 5473 1269 5528 suae
1296 5460 1335 5527 et
1351 5447 1555 5530 liberorum
