4050 6188
496 431 501 444 ,
576 350 825 419 coronarias
853 350 910 417 oa
937 348 1078 418 rusca
1512 351 1579 418 vor

80 591 356 676 Bartholomaus
383 591 429 672 (16
458 590 613 687 Τ61666,
641 590 836 672 lohannes
864 589 1027 687 Girardi,
1053 589 1242 670 Girardus.
1259 645 1293 664 ..
1323 589 1369 670 de
1396 588 1580 693 hqualba,

80 715 199 793 Petrus
222 711 490 808 Bartholomei,
517 709 682 792 lacobus
708 709 755 790 de
783 711 818 791 S.
846 710 1016 790 Martino.
1035 769 1041 784 .
1061 769 1093 787 ..
1120 708 1274 806 Baralis,
1303 707 1484 790 Radullus
1510 709 1583 788 Ba-

79 829 168 925 ralis,
201 830 415 935 Stephanus
442 829 682 912 Monetarius.

146 951 371 1052 Symondus.
388 1012 396 1026 .
413 1011 421 1028 .
450 949 605 1055 scripsit.

226 1103 269 1186 (111
290 1103 367 1170 aab.
392 1103 486 1168 01611.
509 1103 661 1170 Secueiao.
684 1105 772 1167 Hcs.
793 1105 867 1166 Put.
891 1103 976 1166 1166.
998 1105 1092 1183 Leges
1112 1104 1328 1185 municipales,
1350 1105 1378 1180 Ι,
1401 1104 1461 1166 661.
1482 1107 1527 1182 8).

446 1443 538 1510 0111,
568 1480 603 1490 -
631 1437 900 1512 marchione·
926 1439 1204 1513 Salaciam.

380 1641 466 1714 1216,
491 1641 530 1700 30
552 1637 739 1702 Decembris.
762 1638 832 1700 lnd.
856 1655 902 1698 rv.
925 1639 964 1699 In
985 1635 1082 1717 pratis
1102 1636 1138 1699 de
1159 1637 1270 1700 Ranco

526 1753 607 1815 inter
628 1751 829 1832 (largnannm
848 1754 878 1814 et
898 1752 1148 1832 Garmagnolsm.

142 1933 288 2014 Alassio
325 1934 517 2014 comitissa
557 1935 604 2014 do
636 1932 795 2013 Saluoiis
827 1947 865 2012 et
898 1932 1127 2013 Mainlredus
1164 1939 1244 2035 ejus
1272 1960 1387 2037 nepos
1413 1933 1580 2015 Thomae

68 2053 193 2134 comiti
222 2053 436 2134 Sabaudiae
462 2054 604 2152 donant
631 2052 813 2157 quidquid
843 2051 987 2132 habent
1018 2052 1057 2132 in
1094 2052 1249 2156 Bargiis,
1282 2066 1320 2132 et
1353 2052 1579 2134 nominatim

66 2172 155 2251 (1666
185 2185 307 2275 partes
344 2172 556 2253 medietatis
593 2174 640 2252 (16
674 2171 830 2276 Sergiis,
865 2173 989 2269 castri,
1026 2173 1124 2276 podii
1151 2185 1190 2252 61
1216 2172 1385 2254 (116161611.
1415 2173 1579 2254 Thomas

66 2318 190 2371 comes
219 2293 470 2373 Mainlrcdum
500 2291 651 2372 investit
678 2293 724 2371 (16
754 2303 830 2371 1616
858 2291 1072 2395 supradicto
1100 2293 1145 2371 (16
1178 2291 1322 2397 Bargiis
1355 2291 1394 2372 in
1423 2292 1577 2372 feudum

64 2423 207 2491 rectum
239 2425 318 2505 616,
338 2413 389 2492 116
411 2423 490 2490 616
510 2411 629 2515 primo
649 2411 786 2515 pascha
800 2410 1087 2492 resurrectionis
1104 2411 1257 2492 Domini
1277 2412 1318 2492 in
1339 2423 1448 2491 antea
1469 2411 1580 2492 liceat

64 2531 197 2612 Comiti
228 2530 349 2612 facere
376 2558 549 2638 guerram
578 2531 617 2610 16
646 2532 759 2612 leudo
785 2543 823 2610 et
850 2533 887 2611 16
917 2543 993 2611 1616
1021 2542 1119 2610 terra
1146 2531 1365 2612 Comitissae
1384 2530 1442 2612 vel
1461 2531 1577 2612 Maia·

62 2649 164 2730 hedi.
195 2652 391 2731 Praeterea
420 2678 545 2732 comes
574 2649 823 2731 Mainhcdnm
854 2651 900 2730 da
928 2650 1088 2732 Saluciis
1115 2651 1267 2731 investit
1295 2651 1341 2730 de
1369 2651 1474 2731 omui
1504 2652 1578 2732 alio

61 2767 184 2864 sendo,
215 2770 316 2872 quod
345 2770 424 2873 ipse
453 2784 490 2850 et
516 2783 771 2851 antecessores
799 2771 857 2851 sni
885 2769 1094 2874 antiquitus
1127 2770 1185 2850 vel
1222 2771 1367 2850 noviter
1399 2770 1581 2852 tenebant

59 2886 103 2966 ab
131 2917 189 2980 eo,
223 2888 448 2969 nominatim
476 2890 522 2968 de
550 2888 727 2971 Roncalia
755 2903 792 2968 et
818 2889 864 2969 (16
891 2889 1110 2986 Fontanilis,
1139 2903 1176 2968 et
1200 2889 1433 2970 Mainlredus
1452 2890 1578 2971 fideli·

60 3019 175 3088 tatem
207 3007 347 3089 Comiti
375 3007 471 3099 lecit,
499 3009 600 3090 salvo
628 3010 856 3113 Imperatore
885 3021 923 3089 61
951 3009 1169 3089 marchione
1197 3007 1476 3090 Montisferrati.

133 3130 269 3208 Testes
296 3129 448 3210 1666661
474 3130 704 3210 hlainlredos
731 3131 888 3222 Lancea,
916 3131 1102 3212 Dominus
1130 3130 1368 3226 Gotofredos,
1398 3131 1486 3211 Vala
1514 3132 1579 3211 ad-

60 3261 229 3342 vocatam,
257 3247 357 3328 Vido
384 3250 431 3328 de
459 3249 643 3345 plorasse,
669 3251 765 3330 Boso
793 3251 1012 3346 vicecomes
1038 3252 1200 3331 Ponoius
1227 3249 1274 3330 de
1302 3250 1433 3331 Cuina.

128 3368 370 3472 Segnorinos
397 3369 436 3450 S.
465 3365 595 3448 Palatii
625 3369 791 3449 notarius
820 3371 911 3451 duas
938 3384 1058 3452 cartas
1078 3398 1143 3475 per
1161 3368 1423 3451 abecedarium
1444 3368 1580 3450 divisas

57 3486 221 3590 scripsit.

128 3606 371 3714 Segnorinus
400 3607 565 3689 notarius
594 3609 631 3688 S.
659 3609 791 3690 Palatii
820 3611 976 3714 scripsit.

219 3759 263 3840 (E
285 3759 324 3820 R.
348 3759 424 3823 aab.
448 3762 646 3838 Taurinenei,
671 3763 814 3838 aarum,
837 3765 1044 3838 Murchcscto,
1067 3768 1128 3827 cat.
1151 3764 1323 3839 1611666.
1346 3764 1375 3838 I,
1397 3784 1431 3825 n.
1448 3763 1578 3826 alran-

130 3855 266 3937 scripsit
286 3859 323 3920 P.
345 3857 487 3938 Varus).

460 4185 572 4252 cDLI.
610 4223 645 4233 -
681 4180 912 4254 Guilelmus
946 4182 997 4254 de
1030 4185 1179 4258 nuvae.

518 4378 605 4452 1217,
624 4383 659 4440 15
676 4379 792 4442 Martii.
808 4381 880 4442 Ind.
898 4401 929 4445 v.
947 4382 1121 4446 Avillanaa.

123 4559 324 4640 Dominus
357 4553 605 4640 Wuillelmns
640 4561 686 4642 de
718 4563 840 4643 Basca
876 4565 1042 4644 Thomae
1078 4567 1206 4647 comiti
1235 4567 1446 4649 Sabaudiae
1473 4581 1511 4648 et
1538 4569 1575 4649 16

46 4677 157 4758 116116
189 4677 406 4758 marchioni
436 4679 550 4759 donat
576 4681 779 4762 castellana
806 4685 852 4763 da
879 4685 999 4765 Basca
1027 4699 1064 4764 et
1086 4687 1281 4769 castellum
1302 4689 1470 4769 Scarnafi
1489 4717 1575 4768 oum

40 4797 150 4879 omni
184 4797 360 4877 districto
388 4811 476 4890 etc,
505 4800 542 4878 in
572 4799 784 4905 integram,
813 4832 907 4906 6666
941 4819 1030 4884 6661
1057 4805 1103 4886 (16
1141 4807 1280 4887 6116116
1299 4836 1379 4887 666.
1409 4808 1573 4888 Thomas

39 4945 130 4997 vero
162 4917 326 4998 investit
352 4915 619 4997 Wuillelmum
650 4921 695 5000 (16
722 4923 921 5024 praedictis
956 4926 1096 5016 castris,
1132 4927 1241 5029 eique
1279 4926 1448 5029 quolibet
1474 4955 1574 5008 anno

40 5035 79 5114 in
117 5035 265 5115 Natale
300 5036 451 5116 Domini
485 5037 589 5116 dabit
627 5039 673 5118 de
710 5043 865 5120 Cumara
898 5071 964 5122 sna
998 5046 1127 5126 decem
1167 5046 1279 5127 libras
1315 5047 1573 5129 secusinorum

38 5157 259 5236 honorum.
286 5153 533 5235 Wuillelmos
559 5159 687 5238 comiti
717 5159 939 5240 fidelitatem
969 5177 1007 5242 et
1033 5164 1251 5269 homagium
1282 5167 1379 5247 fecit.

119 5276 263 5356 Testes
291 5273 443 5354 1666661
468 5275 648 5357 Ricarvhvs
677 5279 723 5357 vla
751 5281 913 5372 Cernere,
941 5284 1576 5378 1166661666(16111161611661661666

37 5397 86 5473 de
115 5395 321 5489 Plozasco,
349 5393 414 5472 W.
441 5393 488 5474 (16
517 5395 672 5499 Ripalta,
699 5399 860 5479 Porcios
889 5403 935 5482 de
963 5403 1090 5494 Cuioa,
1118 5405 1180 5486 W.
1209 5407 1255 5485 (16
1283 5406 1361 5486 Gril
1390 5409 1436 5488 (16
1465 5409 1573 5494 Cum·
