4096 6190
570 383 746 452 Thomas
775 383 832 450 1111
861 382 1080 450 saeauula
1512 383 1583 448 329

100 755 258 823 cML1.—
283 750 424 824 vallio
452 753 700 846 Poynuou
727 755 773 826 at
799 751 1141 827 mndsmuturn
1167 700 1311 824 vius·
1338 749 1555 822 Ροιτοιιο.

393 951 480 1026 taut,
503 951 534 1014 d.
557 952 577 1012 2
597 951 742 1032 Augusti.
766 952 827 1015 Ind
847 969 895 1014 ra.
918 952 1009 1014 Intro
1030 949 1265 1031 Moyranohum.

142 1131 332 1214 Amadeus
352 1132 403 1213 IV
428 1159 556 1214 eomes
574 1133 784 1216 Sabaudiae
811 1146 849 1215 61
873 1132 913 1215 in
933 1133 1040 1216 Italia
1058 1132 1228 1214 marchio
1247 1133 1287 1217 in
1305 1131 1580 1213 restitutionem

68 1252 196 1333 damni
223 1251 317 1334 illati
344 1251 482 1334 Oberto
508 1252 700 1336 Aurnnoio
728 1252 937 1335 meesoaloo
965 1251 1111 1335 domini
1144 1250 1282 1333 Delfini
1316 1276 1338 1331 a
1369 1249 1480 1332 fratre
1513 1277 1582 1331 suo

66 1372 227 1454 Aimono
252 1398 318 1476 pro
346 1371 510 1453 maxima
537 1372 746 1476 quantitate
777 1373 958 1479 peouniae
992 1372 1040 1454 ab
1074 1373 1209 1455 eodem
1242 1371 1385 1473 injuste
1416 1379 1581 1452 extortae

67 1489 181 1571 donat
206 1489 370 1594 praelato
397 1491 536 1572 Oberto
564 1518 678 1573 omne
701 1499 764 1594 jus
792 1492 893 1597 quod
920 1491 1038 1573 habat
1063 1491 1104 1573 in
1131 1489 1228 1572 valle
1256 1491 1467 1592 Paynasoae
1485 1498 1523 1569 et
1541 1488 1581 1570 in

64 1609 332 1693 mandamento
359 1609 478 1694 Villae
504 1611 680 1693 Petrosae
717 1639 738 1692 a
773 1610 856 1694 loeo
890 1611 955 1716 qui
992 1610 1130 1692 dieitur
1163 1609 1347 1712 MalanaJ'a
1384 1635 1502 1712 usqua
1534 1609 1581 1689 nd

64 1729 206 1813 fontem
234 1729 438 1822 Aulanerii,
465 1744 503 1811 et
535 1729 609 1811 hoo
639 1729 679 1811 in
711 1730 854 1837 gentile
885 1730 1043 1812 laudum
1071 1734 1143 1810 snb
1176 1729 1328 1810 datione
1355 1727 1488 1809 daoam
1515 1725 1580 1810 lib.

65 1849 344 1942 Seuxinorum,
381 1877 451 1932 neo
485 1875 552 1954 pro
584 1848 683 1932 dioto
717 1850 831 1932 feudo
867 1849 1017 1932 nullum
1053 1847 1157 1931 uliud
1191 1845 1391 1930 sarvioium
1428 1845 1584 1938 debebit

65 1995 193 2050 comes
220 1967 377 2077 exigere.

140 2089 187 2174 Et
213 2101 271 2170 est
295 2086 494 2170 soiendum
514 2087 615 2193 quod
633 2086 845 2192 praediatus
865 2087 1025 2170 Ohertus
1044 2086 1132 2170 leoit
1147 2085 1367 2196 homagium
1391 2083 1582 2191 praedioto

62 2206 193 2290 eomiti
223 2207 269 2288 da
295 2206 396 2290 dioto
423 2207 536 2289 faudo
562 2235 628 2312 pro
661 2205 771 2290 oertis
805 2207 1042 2304 hominibus,
1079 2217 1231 2311 exoapto
1265 2219 1391 2288 tamen
1424 2200 1581 2289 domino

61 2325 264 2430 Delphino,
286 2326 347 2408 oui
374 2336 525 2407 tenetur
550 2326 589 2407 in
616 2325 795 2408 omnihus
822 2339 861 2408 et
886 2325 1107 2432 peremnia
1133 2325 1300 2408 obedire.

137 2445 283 2527 Testes:
310 2445 489 2527 dominus
517 2447 552 2527 S.
578 2445 782 2551 Episoopus
801 2445 1192 2552 GratianopolitanuS,
1218 2443 1315 2548 prior
1348 2445 1385 2528 S.
1411 2443 1581 2533 Rubenti,

58 2565 288 2646 Nantelmus
315 2564 363 2646 de
389 2563 560 2657 ldiolans,
586 2564 835 2647 Lanthelmus
861 2565 909 2647 da
936 2565 1118 2647 Tornone.

136 2685 275 2768 Aetum
300 2682 374 2767 fuit
399 2682 496 2765 intra
523 2685 790 2788 Moyerenoum
809 2683 916 2766 Aule.
935 2683 1131 2766 Johannes
1151 2685 1188 2764 S.
1206 2680 1342 2765 Palatii
1369 2691 1407 2764 61
1433 2679 1578 2765 domini

56 2801 241 2907 Delphini
270 2802 437 2885 notarius
462 2801 619 2906 scripsit.

221 2946 264 3030 (E
287 2947 327 3011 B.
348 2947 425 3011 aab.
449 2946 645 3012 Taurinemi.
667 2947 838 3011 Proolooo'o
858 2947 894 3009 dt·
914 2946 1071 3022 Planorolo,
1093 2946 1138 3010 tt.
1162 2949 1211 3023 11,
1232 2967 1265 3010 n.
1289 2950 1319 3021 1,
1340 2945 1485 3028 Poroao).

446 3253 579 3322 onan.
613 3291 651 3306 -
683 3248 864 3324 rhomo·
890 3249 942 3322 da
968 3249 1198 3325 saltandis.

558 3447 647 3521 1285,
670 3448 707 3508 19
727 3448 760 3511 d.
782 3447 911 3528 Aprilis.
934 3447 1086 3513 Saouaiao.

133 3625 329 3709 Amedeus
355 3626 408 3708 IV
433 3652 563 3709 eomes
589 3627 811 3710 Maurienna
838 3637 876 3710 et
901 3626 940 3710 in
962 3628 1070 3712 Italia
1087 3627 1258 3712 marohio
1276 3629 1392 3710 donat
1409 3629 1578 3712 Thomae

48 3749 100 3828 da
130 3743 323 3829 Sahaudia
349 3745 453 3827 fratri
480 3774 561 3843 suo,
586 3745 741 3829 nomina
768 3737 860 3830 reati
888 3758 926 3830 et
953 3746 1091 3830 nobilis
1119 3747 1221 3829 laudi
1249 3747 1433 3853 quidquid
1461 3748 1578 3830 hahet

48 3865 114 3947 vel
147 3863 287 3946 habere
315 3865 429 3947 debet
455 3865 503 3947 ab
529 3866 730 3949 Avillianin
756 3866 923 3964 inferius,
941 3877 978 3948 61
1003 3865 1182 3972 praecipit
1198 3865 1377 3949 omnibus
1396 3866 1576 3949 fidelihus

45 3985 134 4067 suis
165 3984 267 4086 quod
293 3983 366 4090 ipsi
392 3983 549 4066 domino
576 3986 743 4068 Thomna
771 3986 908 4068 faeiant
934 3986 1193 4069 omnimodam
1222 3986 1457 4069 fidelitatem.

134 4105 233 4188 Itam
260 4103 386 4186 eidem
422 4105 605 4201 Thomna,
636 4115 832 4212 tamquam
866 4104 1123 4197 benemerito,
1156 4133 1201 4188 eo
1236 4106 1338 4212 quod
1374 4097 1498 4211 ipsum
1535 4107 1573 4187 in

43 4222 238 4307 omnibus
265 4223 372 4305 laetis
399 4236 437 4305 et
467 4225 628 4333 negotiis
662 4225 869 4307 Comitatus
903 4226 1092 4322 sedulum,
1123 4227 1322 4331 providum
1358 4225 1510 4331 reperiit
1538 4239 1575 4304 at

43 4343 225 4436 fidelem,
243 4344 360 4425 donat
384 4343 597 4450 pedagium,
614 4345 715 4449 quod
742 4344 875 4426 Petrus
900 4345 1160 4426 Bortolomens
1187 4357 1224 4426 61
1251 4343 1455 4427 Umhartns
1482 4345 1574 4425 Bar·

42 4464 244 4544 tolomeus
271 4462 482 4567 percipiunt
509 4463 547 4544 in
574 4464 695 4570 burgo
722 4465 757 4545 S.
786 4464 1002 4574 Ambrogio.

132 4583 190 4664 De
224 4582 410 4686 ejusmodi
439 4581 552 4664 feudo
584 4583 762 4665 dominus
797 4584 961 4665 Thomas
997 4581 1084 4664 laeit
1119 4583 1342 4665 fidelitatem
1379 4595 1416 4664 at
1453 4583 1574 4666 homi·

41 4703 165 4783 nium
195 4703 243 4801 (t)
269 4699 418 4808 litgium
445 4701 601 4782 domino
622 4702 791 4784 Amodeo
817 4703 958 4784 eomiti.

131 4821 270 4900 Aotum
297 4822 337 4901 in
363 4820 502 4925 palatio
530 4821 754 4903 Seousiansi.

131 4939 260 5021 Testes
286 4939 476 5021 affuerunt
491 4941 657 5022 Jaoobus
676 4942 879 5024 Seousinus
897 4941 1026 5036 abbas,
1045 4942 1284 5048 Gruttapalia‚
1304 4943 1509 5026 Umbertus
1527 4942 1573 5024 da

34 5057 210 5156 Villata,
243 5058 377 5140 Petrus
408 5060 455 5140 de
490 5060 614 5156 Cletis,
652 5059 784 5142 Petrus
818 5064 865 5142 de
900 5063 1019 5144 Ponte
1051 5063 1277 5145 castellanus
1310 5061 1357 5143 do
1398 5061 1573 5155 Caborro,

35 5177 178 5284 Gnigo
205 5177 253 5258 de
279 5179 473 5276 Amasim,
501 5179 708 5283 Aponiana.

127 5297 321 5378 Conradns
349 5297 554 5403 imperialis
582 5299 690 5382 aulae
717 5299 885 5382 notarius
912 5301 1071 5406 seripsit

215 5441 257 5522 (E
280 5441 319 5504 lt.
344 5441 420 5505 uon.
444 5441 649 5516 Taurianum,
673 5443 741 5508 061.
763 5445 934 5509 Provlnola
955 5447 991 5510 aa·
1011 5446 1107 5520 Susa,
1129 5447 1173 5509 11.
1196 5447 1239 5521 8⁰,
1261 5466 1295 5509 n.
1318 5447 1348 5524 1,
1370 5445 1571 5528 neutuna).

149 5591 175 5634 aa
202 5593 301 5642 onam,
315 5593 399 5646 nomm
412 5593 511 5636 omnum
526 5593 651 5637 monae.
