4198 6190
683 752 774 817 VHI.
804 790 853 798 —
880 746 1128 821 (tuntilds
1165 747 1401 838 Rotgsrii
1438 743 1643 817 comitis
1677 742 1707 816 ἰ.

825 945 898 1015 962,
923 946 950 1002 2.
974 944 1058 1021 Sept.
1081 943 1151 1003 Iud.
1176 961 1207 1002 ν.
1231 943 1270 1002 In
1292 947 1393 1004 oestro
1414 944 1557 1004 Musioio.

512 1126 728 1232 Hegclricus
757 1153 800 1204 es
828 1151 964 1228 genere
992 1124 1202 1202 francorum
1231 1123 1359 1201 vendit
1387 1123 1588 1202 Guntildae
1611 1123 1632 1200 t'.
1651 1123 1842 1226 quondam
1865 1125 1950 1201 Rot-

436 1248 527 1352 gerii
562 1245 722 1338 comitis,
760 1257 796 1323 et
831 1244 1003 1347 conjugis
1037 1242 1193 1321 Amedei
1232 1243 1253 1320 f.
1289 1242 1476 1344 quondam
1506 1241 1675 1320 Ansoarii
1704 1241 1948 1336 marchionis,

435 1369 527 1448 duas
555 1379 676 1468 partes
704 1366 750 1442 de
780 1363 979 1442 medietate
1007 1361 1118 1440 cortis
1146 1373 1183 1440 et
1210 1363 1346 1440 domus
1375 1363 1411 1439 in
1447 1362 1563 1440 tundo
1591 1360 1764 1457 Musicio,
1793 1375 1831 1439 et
1858 1362 1951 1440 duas

436 1499 555 1590 partes
578 1486 631 1588 de
653 1483 852 1562 medietate
880 1482 987 1560 castri
1016 1508 1101 1560 cum
1141 1480 1261 1570 casis,
1299 1481 1395 1560 areis
1430 1494 1468 1558 et
1500 1480 1613 1558 rebus
1649 1479 1951 1582 pertinentibus,

435 1605 550 1684 servis
586 1617 623 1681 et
657 1601 803 1682 ancillis
841 1602 878 1680 in
912 1601 1045 1680 eodem
1081 1601 1161 1679 loco
1197 1614 1234 1678 et
1273 1599 1390 1678 fundo
1427 1599 1658 1706 Vicolongo;
1697 1600 1788 1678 duas
1827 1611 1949 1702 partes

437 1724 483 1801 de
525 1722 726 1801 medietate
762 1720 863 1800 illins
905 1722 1015 1800 cortis
1056 1737 1093 1798 et
1126 1720 1236 1798 castri
1280 1719 1318 1797 iu
1357 1748 1462 1798 suam
1505 1732 1666 1798 reservat
1708 1731 1949 1820 potestatem.

438 1841 616 1921 Guntilrla
650 1841 812 1943 pretium
849 1869 892 1918 ex
925 1838 1073 1942 proprio
1112 1835 1284 1918 Faderfio
1318 1838 1437 1918 solvit.
1466 1839 1631 1916 Traditio
1665 1839 1762 1916 facta
1797 1851 1853 1918 est
1886 1865 1952 1941 per

441 1960 647 2051 cultellum,
673 1960 844 2048 fisticum,
873 1973 1075 2039 vantouem
1104 1973 1171 2038 etc.

515 2079 760 2183 [taginiredus
789 2081 954 2158 notarius
982 2092 1019 2156 et
1042 2079 1158 2179 judex
1187 2080 1222 2157 S.
1250 2079 1379 2158 Palatii
1409 2078 1566 2182 scripsit.

597 2232 665 2310 (Ex
687 2235 791 2309 sutog.
815 2231 892 2292 rab.
916 2231 992 2310 Gap.
1016 2231 1212 2292 Novarisnsis
1240 2232 1436 2309 transcripsit
1458 2231 1492 2292 0.
1516 2233 1553 2292 F.
1577 2232 1761 2303 Fsrscour,
1785 2251 1836 2291 on.
1861 2233 1949 2292 1798.

521 2331 675 2402 Gaaurrr,
699 2330 733 2390 rt
753 2337 837 2390 conto
862 2329 1003 2390 Urrtbcrto
1023 2329 1047 2388 I
1064 2347 1079 2390 c
1100 2330 1125 2389 tr
1145 2347 1179 2390 re
1202 2329 1356 2400 Ardoiuo,
1379 2329 1437 2388 Ed.
1461 2329 1568 2402 altars,
1594 2329 1682 2401 1884,
1706 2347 1778 2407 pag.
1803 2330 1887 2406 285).

706 2692 761 2758 ΙΧ.
793 2728 837 2740 -
867 2686 1110 2759 (tuntilds
1146 2685 1382 2778 Rotgsrii
1418 2687 1625 2758 comitis
1657 2683 1686 2756 f.

833 2886 906 2958 962,
930 2887 947 2943 4
969 2885 1054 2962 Sept.
1077 2885 1147 2946 Ind.
1172 2905 1204 2945 v.
1228 2884 1266 2944 In
1289 2889 1390 2946 castro
1412 2885 1556 2946 Musicio.

511 3066 695 3145 Placitum
724 3063 915 3143 Adalberti
943 3063 1090 3143 comitis
1110 3063 1309 3142 comitatus
1337 3064 1592 3144 Plumbiensis
1610 3076 1648 3143 et
1670 3065 1828 3145 Rolandi
1849 3065 1951 3146 missi

437 3184 641 3277 dominici,
670 3181 732 3286 qui
757 3182 929 3283 judicant
955 3181 993 3261 in
1021 3208 1131 3260 causa
1163 3208 1258 3284 quae
1293 3182 1512 3262 versabatur
1544 3180 1643 3261 inter
1676 3183 1896 3264 Guntildam
1930 3185 1951 3264 f.

319 3387 320 3390 ,
438 3304 626 3408 quondam
655 3302 818 3407 ltotgerii
846 3301 993 3381 comitis
1024 3317 1061 3380 et
1096 3302 1266 3405 conjugis
1304 3302 1458 3381 Arrredei
1497 3302 1593 3381 vassi
1630 3303 1881 3406 imperatoris,
1909 3305 1953 3384 de

439 3421 653 3503 venditione
674 3423 834 3500 duarum
861 3423 1022 3522 partium
1052 3421 1263 3501 medietatis
1292 3421 1400 3501 castri
1430 3420 1574 3500 Mosicii
1603 3422 1650 3500 ab
1677 3423 1846 3526 Egolrico
1875 3424 1953 3504 [ilio

439 3541 651 3650 Maginfridi
672 3541 818 3620 comitis
848 3541 940 3618 facta
964 3541 1024 3620 dic
1042 3541 1207 3620 secunda
1227 3541 1396 3641 ejusdem
1420 3541 1559 3620 mensis
1584 3553 1621 3618 et
1640 3542 1742 3633 anni,
1762 3545 1954 3648 Egelricus

438 3663 620 3741 cartulam
648 3659 874 3740 venditionis
902 3660 1136 3766 recognoscit
1162 3673 1199 3738 et
1217 3661 1434 3754 confirmat3
1462 3661 1701 3765 Raginsridus
1725 3663 1892 3742 notarius
1919 3675 1956 3740 et

436 3780 552 3880 judex
579 3781 615 3858 S.
642 3778 785 3868 Palatii,
813 3807 857 3856 ex
879 3778 1050 3879 jussione
1077 3779 1269 3858 Adalberti
1298 3777 1462 3871 comitis,
1489 3779 1647 3859 ltolandi
1676 3781 1781 3861 missi
1811 3781 1955 3861 domini

439 3899 690 3998 cupidinum,
722 3897 892 3976 notitiam
921 3897 1068 4000 scripsit
1094 3925 1160 4000 pro
1187 3899 1384 3976 securitate
1411 3899 1580 3996 ejusdem
1611 3899 1822 3978 Guntildae.

596 4054 657 4134 (Ex
678 4057 783 4131 octog.
806 4053 882 4114 rab.
907 4051 1010 4132 Capit.
1034 4052 1230 4114 Novaniensis
1251 4054 1449 4132 transcripsit
1471 4055 1506 4115 (1.
1530 4055 1566 4114 F.
1586 4054 1769 4128 Fesscour,
1793 4059 1954 4120 001798.

517 4151 836 4224 cinnamomino
862 4151 1002 4212 Unitverro
1024 4151 1048 4210 I
1066 4169 1081 4210 c
1104 4151 1361 4223 trianensem,
1387 4155 1475 4224 1884,
1498 4171 1570 4230 pag.
1594 4154 1676 4231 288).

641 4509 680 4574 X.
710 4547 759 4557 -
784 4507 937 4596 lyme,
966 4505 1198 4590 Bubulcus,
1225 4507 1439 4577 Arduinus
1466 4510 1508 4577 st
1537 4507 1752 4580 Saraceni.

1165 4705 1233 4765 975.

521 4883 707 4963 «Eodem
737 4895 904 4985 tempore
932 4912 1005 4986 qno
1032 4885 1142 4963 Fusci
1170 4885 1416 4964 morabantur
1444 4888 1482 4964 in
1510 4901 1630 4967 castro
1659 4890 1878 4970 Fraxedclto
1899 4949 1906 4964 .
1924 4951 1959 4966 ..

437 5003 590 5104 quidam
619 5031 750 5082 eorum
779 5003 850 5083 tuit
878 5005 1031 5084 nominc
1059 5007 1179 5105 Aymo
1208 5017 1407 5085 coetaneus
1435 5006 1589 5086 illorum
1607 5070 1614 5084 .
1632 5069 1640 5086 .
1658 5069 1665 5083 .
1683 5008 1818 5089 Mulier
1842 5038 1958 5112 quae·

438 5121 524 5200 dam
556 5121 678 5221 pulcra
708 5121 820 5202 nimis
848 5122 1001 5202 sortitur
1029 5121 1066 5201 in
1096 5122 1269 5223 porcione
1301 5125 1480 5225 Aymonis
1584 5128 1687 5206 venit
1713 5128 1866 5230 quidam
1895 5158 1959 5232 po·

440 5241 578 5320 tentior
605 5240 680 5334 illo,
709 5241 869 5320 subtrait
896 5242 1022 5320 1111...
1059 5245 1140 5344 lpse
1169 5244 1268 5323 vadit
1295 5244 1431 5347 quippe
1459 5247 1503 5324 ad
1535 5246 1712 5326 comitem
1743 5248 1956 5328 Rolvaldum

441 5358 651 5462 provinciae
680 5359 840 5448 {iuilvrs3
868 5374 902 5438 ot
1024 5361 1090 5439 ait:
1120 5389 1205 5440 ecco
1234 5363 1339 5442 trado
1368 5363 1471 5443 voltis
1501 5364 1676 5446 inimicos
1705 5379 1846 5445 vestros
1873 5391 1959 5470 per-
