4070 6186
429 347 499 413 106
833 344 1032 412 REGESTA
1060 345 1263 413 COMITUM
1292 345 1537 412 SABAUDIAE

426 585 597 666 bennum
625 597 663 666 et
681 585 771 666 alias
790 583 1051 692 oppressiones
1072 585 1301 666 innumeras.
1320 587 1432 666 Nune
1451 613 1550 680 vere,
1568 612 1636 666 sna
1655 585 1939 691 ingemiscentes

423 703 571 802 delicta,
589 705 776 787 beneficia
794 735 814 786 a
834 704 1095 786 decessoribus
1123 705 1259 786 eolleta
1278 705 1434 786 laudare
1454 718 1492 786 et
1510 705 1699 786 enstodire
1718 705 1939 796 deeernunt;

426 836 616 928 praeterea
643 829 785 906 donant
810 825 995 930 quidquid
1024 824 1167 906 hebent
1193 825 1232 906 in
1259 823 1436 916 Almesi0‚
1467 825 1647 922 bubiano,
1675 823 1827 929 Capriis,
1858 825 1939 904 Con·
2013 834 2014 870 ¹

427 943 559 1038 doniis
587 929 788 1051 Borgonio,
816 947 852 1026 S.
878 944 1072 1025 Antonino
1100 957 1137 1024 et
1163 945 1203 1025 in
1230 945 1383 1026 castello
1412 955 1527 1049 petra.
2013 959 2014 964 ‘

504 1065 695 1146 Amedeos
723 1076 860 1152 antem,
887 1065 1089 1145 recordans
1117 1067 1324 1145 facinorum
1353 1093 1529 1160 snorum,
1556 1094 1643 1144 eom
1672 1066 1720 1146 ob
1747 1065 1941 1167 poeniten-

428 1184 517 1263 tiam
555 1184 601 1265 ab
637 1185 805 1292 Eugenio
838 1185 888 1265 tlt
916 1186 955 1264 P.
987 1186 1035 1264 Μ.
1070 1197 1280 1287 aeeeptnm,
1311 1184 1600 1264 Hierosolimam
1636 1185 1690 1264 ire
1722 1184 1884 1278 debeat,
1910 1213 1941 1262 ac

426 1303 639 1406 sepulerum
669 1304 930 1407 Redemptoris
952 1302 1111 1393 visitare,
1131 1304 1176 1382 ed
1196 1305 1289 1383 tanti
1309 1302 1454 1384 itineris
1483 1304 1646 1383 relevare
1675 1304 1941 1396 necessitatem,

428 1449 447 1499 a
476 1421 643 1503 Silvione
671 1423 807 1504 abbate
834 1423 1014 1504 undecim
1041 1423 1161 1503 millia
1188 1423 1327 1504 solidos
1347 1423 1581 1505 Seoosiensis
1608 1437 1784 1504 monetae
1803 1423 1941 1527 recipit.

504 1543 637 1622 Actum
667 1541 703 1622 in
734 1543 943 1646 praesentia
972 1543 1130 1648 Eugenii
1151 1571 1277 1646 papae,
1296 1544 1549 1646 quorumdam
1578 1543 1852 1647 episcoporum,
1877 1572 1942 1621 ma·

428 1661 534 1768 gistri
561 1661 729 1742 Villelmi
758 1664 804 1742 de
832 1662 993 1756 Vienna,
1021 1663 1242 1743 Ardotionis
1270 1666 1316 1742 do
1341 1663 1507 1768 Bergiis‚
1536 1664 1634 1744 Petri
1664 1663 1818 1769 Bugini,
1849 1663 1942 1758 Gott-

429 1780 531 1861 lelmi
560 1780 746 1875 Amasini,
775 1781 948 1862 Aimonis
976 1782 1126 1862 Berardi
1156 1797 1193 1862 et
1219 1783 1398 1863 Eberonli
1427 1784 1473 1863 do
1500 1786 1680 1887 Angusta.

506 1900 689 2007 Oggerins
716 1901 892 1981 Notarius
920 1903 955 1982 S.
984 1900 1117 1982 Palatii
1144 1902 1303 2006 scripsit.

589 2087 813 2170 (Guronnnorr,
835 2090 986 2164 Pronoea,
1009 2109 1079 2170 pag.
1103 2093 1167 2168 86).
1336 2079 1343 2094 ’

703 2501 853 2570 OOXOV.
884 2541 918 2550 -
946 2501 1007 2570 Da
1035 2497 1184 2586 spolils
1212 2500 1547 2591 Augustonsium
1575 2498 1676 2586 opis.

1153 2716 1241 2776 1147.

505 2931 694 3010 Amedeos
722 2959 849 3011 eomes
878 2945 915 3010 et
943 2931 1044 3012 {iiius
1073 2937 1154 3032 ejns
1182 2929 1414 3010 Hnmbertns
1442 2949 1480 3009 et
1514 2930 1627 3009 freter
1654 2938 1735 3032 ejus
1763 2932 1943 3011 Renaldns

431 3049 605 3152 preeibns
621 3050 793 3155 lingonis
813 3051 1060 3155 Angustensis
1079 3049 1253 3153 episcopi,
1276 3060 1495 3130 eonsnotem
1516 3047 1802 3152 expoliationem
1824 3050 1945 3129 desun-

432 3182 576 3248 etornm
606 3169 866 3273 episcoporum
899 3169 1196 3273 Angustensinm
1234 3169 1428 3270 prohibet,
1456 3182 1494 3247 et
1520 3168 1699 3248 ecelesiae
1728 3169 1944 3274 Angustensi

433 3287 618 3368 coneedit.

508 3407 636 3488 Testes
665 3407 818 3488 fuerunt
845 3407 1024 3512 magister
1051 3406 1238 3502 eirardus,
1261 3408 1381 3511 Aymo
1409 3408 1488 3487 viee
1508 3435 1654 3504 comes,
1674 3420 1712 3488 et
1729 3408 1825 3486 Boso
1853 3407 1944 3486 filins

434 3533 514 3628 ejus
542 3541 579 3607 et
606 3527 719 3608 freter
746 3535 826 3628 ejus
855 3525 1068 3607 Anselmos.
1100 3526 1327 3608 'Voillelmns
1354 3528 1400 3608 de
1429 3528 1556 3606 Monte
1583 3529 1707 3606 Jooet.
1734 3527 1943 3606 Vnillenens

435 3647 482 3726 ‘de
510 3648 663 3728 Arnaeo.
693 3646 909 3728 Glearsinos
937 3660 975 3726 et
1010 3648 1107 3728 Boso
1142 3658 1179 3726 et
1213 3647 1318 3728 Oddo
1356 3647 1402 3726 de
1436 3659 1540 3749 porta
1572 3647 1609 3727 S.
1640 3644 1735 3728 Ursi.
1774 3647 1875 3750 Hngo
1902 3645 1944 3722 de

433 3765 555 3848 Bardo
582 3766 711 3847 etalii
742 3763 862 3846 multi.

595 3955 637 4037 (11
659 3955 736 4018 Tab.
758 3955 834 4036 epis.
857 3956 1055 4036 Augustenai,
1076 3955 1156 4018 adid.
1180 3957 1225 4017 M.
1250 3957 1294 4018 Η.
1320 3958 1357 4017 Ρ.
1382 3956 1493 4020 (thart.
1517 3957 1547 4019 1.
1569 3958 1629 4018 ool.
1652 3958 1737 4036 794).

516 4370 684 4437 ccxcvi.
716 4408 748 4417 -
778 4366 987 4438 Amedeos
1013 4367 1077 4438 111
1105 4365 1160 4437 ad
1192 4364 1349 4437 ballum
1378 4366 1555 4438 Satorum
1581 4363 1868 4454 proflataoltur.

1097 4583 1189 4645 Anno
1212 4583 1299 4643 1147.

521 4833 538 4874 o
568 4806 684 4880 Ausci?
709 4827 749 4878 se
775 4806 904 4879 croisa·
932 4805 963 4878 o·
980 4825 1100 4878 cuono
1118 4803 1165 4878 do
1184 4805 1393 4878 Moressonne
1420 4804 1528 4878 oncle
1548 4803 1583 4876 le
1599 4805 1663 4877 roe?
1682 4804 1795 4878 loccis
1812 4811 1843 4874 et
1855 4799 1940 4894 pla·

437 4929 517 4999 sr'er
542 4935 679 5000 acetres
705 4925 857 4999 Beroea
883 4948 910 5000 o
932 4935 1057 5024 praet
1081 4927 1310 4999 reeommee.
1337 4955 1352 4990 n

600 5109 675 5189 (Lea
694 5109 830 5187 promea
850 5110 1029 5185 carentonae
1042 5109 1088 5170 ,de
1101 5107 1236 5180 Fraoee,
1254 5107 1293 5166 R.
1309 5107 1346 5166 G.
1363 5110 1393 5168 et
1410 5107 1447 5166 F.
1463 5107 1568 5185 seript.
1585 5109 1661 5168 tom.
1679 5105 1718 5166 V.
1736 5103 1875 5166 Amedeos
1891 5097 1941 5158 111

521 5207 561 5269 ed
589 5205 705 5270 bellum
734 5205 863 5267 Sacrum
882 5204 1091 5286 proficiscens,
1114 5224 1168 5283 pro
1190 5203 1336 5282 impensis
1360 5205 1480 5266 itineris
1502 5223 1520 5265 e
1545 5203 1734 5264 Monasterio
1756 5203 1787 5265 S.
1810 5195 1939 5260 Mauritii

519 5303 711 5384 Ageooensis
742 5321 867 5365 auream
899 5301 1039 5364 tabulam
1070 5302 1202 5380 aooepit,
1232 5302 1318 5380 eique
1350 5301 1502 5381 quaedam
1533 5300 1615 5363 bone
1648 5299 1770 5380 pignori
1799 5293 1880 5362 dedit,
1908 5290 1940 5350 de

522 5401 633 5484 quibua
655 5401 758 5482 agitur
778 5401 813 5464 in
832 5398 1086 5481 subsequentibus
1107 5400 1325 5479 dooumentis).
