4198 6190
469 370 515 434 34
870 365 1067 433 REGESTA
1094 364 1297 432 OOMITUM
1325 362 1571 431 SABAUDIAE

468 472 1981 510 :m

331 757 334 762 ⁵
466 786 561 854 XCV.
585 823 619 834 -
642 779 858 853 conr-adua
875 781 920 849 11
939 782 1041 867 Imp.
1063 776 1383 871 Harmangardu
1401 776 1566 871 ragina.
1586 779 1812 852 Umber-tua
1832 797 1981 851 eomas.

1179 979 1266 1038 1033.

546 1162 797 1265 «Imperator
837 1187 1006 1240 reversus
1034 1159 1078 1239 ad
1107 1160 1283 1241 Turinum
1324 1174 1487 1240 castrum
1530 1161 1719 1265 pervenit,
1761 1161 1813 1242 ibi
1856 1163 1984 1267 plures

466 1279 802 1384 Burgundionum,
830 1280 958 1384 regina
985 1279 1224 1385 Burgundiae
1247 1287 1326 1382 jam
1354 1279 1478 1375 vidua,
1505 1292 1542 1359 et
1568 1307 1695 1360 eomes
1732 1284 1925 1386 Hupertus
1947 1299 1985 1362 et

466 1400 528 1482 alii
558 1399 619 1502 qui
649 1414 798 1502 propter
824 1399 977 1480 insidias
1006 1399 1147 1480 Odonis
1175 1400 1212 1480 iu
1240 1400 1459 1504 Burgundia
1487 1401 1533 1479 ad
1561 1399 1824 1504 imperatorem
1853 1403 1984 1482 venire

468 1518 724 1624 nequiverant,
752 1546 816 1620 per
842 1517 986 1598 ltaliam
1014 1531 1209 1622 pergentes
1237 1519 1484 1598 occurrel‘unt
1509 1517 1593 1614 sibi,
1622 1532 1660 1599 et
1678 1520 1800 1599 effoeti
1819 1519 1878 1600 sni
1899 1549 1981 1623 pro-

466 1638 583 1718 missa
610 1665 674 1738 per
699 1648 973 1718 sacramentum
1002 1637 1074 1718 sibi
1102 1652 1139 1717 et
1165 1638 1244 1718 filio
1271 1667 1340 1718 suo
1364 1639 1541 1719 Heinrieo
1560 1639 1650 1744 regi,
1669 1639 1828 1720 mirifice
1852 1641 1982 1720 donati

466 1756 659 1838 redieruut
687 1792 718 1830 u.
1364 1766 1366 1769 ’

625 1893 789 1988 (Wrrmus
811 1911 876 1970 nitu
900 1909 1083 1971 Ottaourudt
1103 1909 1186 1986 Imp.
1210 1909 1331 1982 Paarz,
1354 1909 1397 1969 M.
1423 1909 1459 1969 G.
1482 1909 1524 1970 H.
1549 1909 1637 1971 Tem.
1661 1909 1720 1983 XI,
1742 1929 1771 1988 p.
1794 1911 1880 1988 270).

939 2269 1052 2335 XCVI.
1081 2307 1116 2316 —
1145 2267 1206 2337 Da
1234 2267 1506 2338 ramuzuaoo.

520 2650 579 2723 td
603 2650 818 2746 eorumdum
845 2648 1098 2722 donatiouem
1116 2650 1166 2722 ud
1186 2647 1376 2722 ,tdelar‘de
1401 2650 1549 2746 filetum
1572 2651 1810 2724 moruuoterio
1828 2653 1861 2726 S.
1879 2653 1983 2724 duod

466 2769 702 2871 segusiensis
729 2773 938 2866 (quartam
962 2777 1119 2864 purtem
1147 2767 1429 2864 Fortuna-relat)
1461 2771 1620 2867 reopt'ez't
1637 2771 1778 2845 'charta
1795 2781 1982 2867 serapeum,

467 2889 514 2964 do
538 2911 619 2986 qua
642 2887 731 2962 vide
757 2888 810 2962 nd
835 2910 989 2962 aunum
1017 2912 1191 2964 unnrxxv.

651 3263 784 3330 xcvn.
814 3298 849 3310 —
877 3257 1148 3330 Burohurrluu
1175 3261 1239 3331 111
1265 3259 1462 3347 Arahtap.
1491 3259 1798 3352 Lugdunensis.

1186 3457 1275 3522 1034.

546 3639 785 3720 Burohardus
811 3640 863 3720 111
890 3640 1061 3744 Arolriop.
1090 3641 1207 3746 Lugd.
1235 3639 1327 3720 olim
1356 3641 1512 3744 August.
1540 3636 1638 3743 Epis.
1665 3671 1681 3711 u
1701 3651 1830 3741 eaptus
1864 3666 1884 3717 a
1913 3639 1979 3718 mi·

472 3757 602 3839 litibus
629 3759 863 3859 imperatoris
890 3773 1067 3861 perpetuo
1095 3775 1153 3837 est
1179 3757 1450 3838 oondomnotus
1478 3755 1590 3836 exilio
1611 3793 1644 3834 υ.

630 3913 821 3992 (Renunrru
854 3913 979 3972 Gnanar
1010 3912 1127 3974 (thren.
1156 3912 1270 3973 Rerum
1291 3911 1484 3973 Gallioarum
1504 3916 1533 3972 at
1556 3909 1780 3974 Franoioarnm
1804 3911 1977 3992 Scriptores,

552 4010 640 4072 Tum.
664 4009 706 4082 X,
729 4029 800 4088 pag.
823 4011 906 4089 288).

789 4351 938 4418 xcvrn.
968 4389 1003 4398 -
1031 4350 1256 4423 Umbartua
1283 4352 1303 4421 1
1330 4350 1414 4419 dux
1441 4369 1669 4437 supremus.

1190 4548 1278 4608 1034.

552 4758 572 4798 u
600 4725 787 4805 Teutones
815 4753 859 4804 ex
886 4751 961 4804 una
988 4737 1106 4829 parte,
1136 4753 1180 4805 ex
1208 4727 1324 4805 altera
1355 4725 1658 4829 arohiepisoopus
1694 4725 1978 4806 Mediolanensis

474 4843 692 4926 Herihertus
730 4858 767 4925 et
793 4842 928 4925 caeteri
954 4843 1090 4940 Italici,
1119 4845 1232 4939 duotu
1270 4843 1424 4947 anerti
1461 4845 1619 4924 Comitis
1663 4845 1710 4924 de
1746 4844 1977 4952 Burgundio,

474 4991 593 5070 usque
621 4965 666 5045 ad
693 4963 920 5046 Rhodanum
950 4963 1092 5043 flumen
1123 4978 1388 5044 convenerunt.
1419 4997 1435 5037 o

634 5115 787 5196 (Wrrro,
811 5114 844 5174 in
866 5115 932 5175 vita
955 5114 1133 5176 Ohuouradi
1149 5117 1230 5194 Imp.
1253 5116 1341 5176 Tom.
1360 5115 1431 5188 XI).
1455 5115 1584 5187 Parra,
1616 5116 1662 5176 M.
1685 5117 1722 5177 0.
1739 5116 1785 5176 Η.
1804 5115 1916 5194 Serapa
1930 5111 1979 5184 lv,

554 5214 623 5273 270.
646 5250 682 5258 —
708 5235 722 5273 a
745 5213 858 5273 Omnia
880 5213 913 5272 in
935 5212 1124 5296 Rhodanum
1155 5213 1282 5273 castolla
1302 5212 1445 5288 subjecit,
1468 5213 1666 5274 Muriannam
1688 5213 1762 5288 (ulii
1781 5213 1978 5272 Murranum»

553 5309 667 5381 diruit,
691 5309 895 5370 Gonevensem
917 5308 1022 5370 urbam
1046 5309 1173 5369 intravit
1195 5309 1376 5389 (Cornutus
1397 5311 1490 5391 imp.)
1506 5315 1567 5372 ote.
1596 5309 1790 5371 Hauruauru
1812 5310 1980 5371 Auernusrs

555 5407 658 5486 (vulgo
681 5407 879 5486 Gonruacrr)
902 5407 1010 5469 chron.
1033 5405 1106 5468 Leo.
1131 5408 1212 5486 eit).
