4096 6190
475 361 546 426 294
881 355 1077 423 REGESTA
1105 354 1308 422 OOMITUM
1336 353 1580 422 subductae

474 595 668 675 beralitate
695 623 762 675 sua
789 594 883 674 haec
909 593 1042 675 eadem
1071 604 1189 670 castra
1208 620 1272 694 pro
1293 590 1469 697 homagio
1491 603 1528 669 et
1547 588 1697 669 servitio
1719 588 1868 668 Uldrico
1883 615 1960 690 prae·

473 713 572 793 dicto
599 713 780 794 concedit.

631 883 673 964 (u
695 883 734 942 R.
759 882 836 945 Tab.
859 882 1054 944 Taurineusi.
1077 882 1198 944 Iuoeut.
1225 883 1332 945 Otort.
1362 881 1485 942 Wandi.
1507 879 1607 941 Codex
1628 878 1757 940 membr.
1780 878 1836 938 fol.
1858 877 1932 956 XII).

614 1291 857 1384 DOCCLVIII.¹
877 1329 910 1338 -
940 1287 1139 1359 nomines
1166 1287 1216 1357 do
1242 1285 1484 1357 Arunoiaoo
1513 1290 1557 1356 et
1584 1284 1634 1354 do
1662 1283 1850 1374 Kyllene.

823 1501 910 1574 1251,
934 1501 952 1558 2
973 1500 1003 1560 d.
1028 1499 1126 1561 Jnnii.
1150 1500 1221 1561 Iud.
1245 1519 1268 1559 x
1289 1500 1380 1578 Apud
1399 1499 1641 1562 Arcuuciccum.

547 1701 680 1778 Petrus
706 1697 822 1778 abbas
841 1698 946 1778 Altae
966 1700 1080 1802 Ripae
1102 1712 1232 1780 notum
1253 1700 1354 1794 lacit,
1373 1701 1473 1801 quod
1501 1700 1676 1779 homines
1706 1699 1820 1780 Ulrici
1842 1699 1960 1778 domiui

475 1820 522 1898 de
550 1818 693 1897 Arbero
719 1817 758 1896 iu
788 1818 958 1897 dominio
985 1819 1195 1898 Arunciaco
1223 1831 1260 1899 et
1287 1819 1334 1898 de
1361 1818 1516 1922 leleus
1539 1827 1760 1919 juraverunt
1793 1833 1902 1898 castra
1929 1821 1959 1896 da

473 1937 679 2017 Arunciaco
707 1951 744 2016 et
770 1938 816 2016 de
845 1938 1000 2039 Hyllens
1029 1939 1217 2018 custodire
1245 1939 1355 2018 Petro
1376 1939 1423 2018 de
1449 1937 1649 2033 Sabaudia,
1670 1965 1835 2040 eumque
1860 1952 1958 2018 contra

475 2084 607 2136 omnes
630 2084 774 2158 juvare.

630 2229 671 2308 (E
694 2227 771 2289 Teb.
794 2227 881 2307 Epis.
907 2228 1065 2306 FriburgI.
1089 2229 1400 2301 Wuasrrunrnorm
1423 2228 1511 2290 Hc'at.
1533 2228 1622 2289 Petri
1642 2228 1699 2300 H,
1715 2229 1811 2290 Prob.
1827 2248 1890 2308 pag.
1909 2231 1956 2298 ut,

555 2323 632 2386 Doo.
656 2327 739 2400 275).

816 2699 1014 2766 occentu.
1048 2737 1080 2746 -
1110 2695 1291 2769 HonItio
1318 2697 1557 2770 Innocentii
1583 2699 1654 2769 1v.

995 2911 1082 2984 1251,
1105 2912 1124 2970 9
1145 2911 1175 2972 d.
1199 2911 1297 2973 Junii.
1322 2911 1452 2974 Januae.

552 3107 796 3188 Innocentius
824 3108 874 3187 IV
902 3109 941 3187 P.
967 3109 1016 3189 Μ.
1044 3108 1335 3212 archiepiscopo
1361 3109 1568 3190 Viennensi
1596 3122 1634 3190 et
1658 3109 1836 3215 episcopo
1853 3110 1958 3190 Gratia
2021 3099 2022 3104 Ν

478 3227 703 3331 napolitano.
724 3228 824 3306 Inter
841 3239 983 3308 ceteros
1002 3227 1065 3332 qui
1086 3227 1319 3331 Apostolicae
1341 3229 1643 3309 mansuetndinis
1663 3231 1876 3310 sull'erentia
1894 3244 1959 3308 sunt
2021 3263 2022 3292 t

476 3347 594 3438 abusi,
612 3348 659 3426 de
681 3345 800 3426 nobili
820 3348 908 3426 viro.
925 3408 932 3421 .
951 3410 957 3424 .
975 3406 983 3420 .
1001 3345 1146 3426 Comite
1167 3347 1377 3427 Sabaudiae
1392 3348 1590 3448 justiorem
1610 3360 1649 3426 et
1669 3349 1959 3430 vehementiorem
2021 3331 2022 3424 l

478 3465 674 3545 materiam
714 3494 873 3546 romano
912 3465 1086 3546 Pontifici
1127 3465 1396 3570 indignationis
1437 3481 1475 3545 et
1516 3466 1780 3547 admirationis
1812 3465 1964 3571 praebuit

478 3587 558 3690 lpse
586 3585 688 3664 enim
716 3585 947 3666 Frediricum
977 3588 1167 3687 quondam
1198 3613 1237 3663 se
1266 3614 1330 3688 pro
1358 3587 1529 3665 Romano
1549 3588 1782 3689 Imperatore
1801 3599 1966 3688 gerentem

479 3717 517 3784 et
538 3703 679 3804 judicio
707 3704 892 3784 Ecclesiae
921 3703 1109 3783 Sathenae
1136 3705 1316 3784 traditum
1346 3718 1383 3782 et
1411 3734 1430 3782 a
1457 3703 1730 3784 communione
1750 3704 1909 3784 fidelium
1927 3732 1968 3780 se·

477 3836 646 3926 paratum
678 3823 716 3902 in
744 3851 810 3903 sua
836 3823 1044 3902 rebellione
1071 3835 1201 3901 contra
1221 3825 1341 3902 Deum
1361 3823 1525 3902 sull'ulsit
1543 3823 1581 3901 io
1603 3824 1763 3902 multam
1783 3824 1875 3902 sedis
1890 3824 1968 3923 apo-

478 3943 632 4022 stolicae
657 3942 834 4042 injuriam
862 3957 900 4022 et
922 3949 1120 4042 jacturam,
1142 3941 1427 4032 rnnlerliuticnis
1447 3971 1519 4043 qua
1546 3943 1771 4044 supplicium
1796 3942 1969 4022 aniumluu

480 4061 675 4165 infligitur,
703 4062 872 4163 pertinax
898 4073 1127 4164 aspernator.
1157 4062 1248 4140 Cum
1279 4060 1368 4140 olim
1399 4065 1583 4141 exercitus
1611 4066 1657 4140 de
1691 4061 1878 4164 gallicanis
1908 4087 1970 4163 par·

482 4180 580 4259 tibus
610 4181 646 4258 in
674 4180 820 4260 Italiam
850 4180 1072 4271 mitteretur,
1101 4192 1142 4260 ut
1177 4179 1334 4260 bellaret
1369 4179 1511 4260 bellum
1553 4181 1705 4260 Domini
1745 4195 1868 4261 contra
1907 4181 1968 4257 tu-

479 4297 621 4379 stianae
648 4298 841 4404 religionis
870 4327 1091 4388 eversorem,
1119 4298 1221 4378 idem
1250 4301 1383 4378 Comes
1411 4299 1536 4378 eidem
1555 4298 1756 4379 excercitui
1776 4326 1848 4378 nou
1866 4298 1967 4375 solun

478 4419 517 4499 in
545 4431 643 4498 terra
670 4447 747 4511 sua,
768 4446 898 4498 verum
928 4419 1041 4499 etiam
1062 4418 1157 4498 circe
1185 4445 1273 4496 eum
1301 4417 1503 4496 infinibus
1531 4417 1665 4496 alienis
1685 4418 1884 4496 innocuum
1904 4416 1969 4493 riae

479 4537 616 4644 Regiae
646 4537 844 4618 transitum
873 4538 1079 4641 impedivit.
1099 4537 1258 4640 Insuper
1283 4535 1470 4630 Ecclesiae
1499 4535 1719 4615 Taurineusi
1738 4549 1894 4614 cestrum
1922 4533 1971 4612 Ili-

480 4657 652 4759 pularum
680 4671 718 4736 et
745 4658 931 4760 quaedam
961 4657 1031 4735 alia
1058 4655 1148 4745 loca,
1168 4655 1235 4734 Dei
1256 4654 1401 4734 abiecta
1419 4654 1637 4739 reverentia,
1659 4655 1858 4756 occupavit,
1876 4665 1971 4753 atque

479 4774 603 4855 adhuc
629 4789 809 4878 occupata
827 4775 982 4854 detinet.
1012 4775 1091 4866 Qua
1111 4773 1157 4851 de
1185 4799 1224 4850 re
1252 4771 1416 4875 pontifex
1438 4773 1624 4853 mammos
1641 4772 1922 4876 Archiepiseopo
1943 4785 1970 4843 et

479 4892 651 4997 episcopo
681 4893 870 4998 praecipit,
899 4903 940 4972 ut
967 4904 1153 4995 qrratenus
1180 4891 1226 4971 ad
1253 4892 1375 4994 ipsum
1405 4889 1589 4972 Comitem
1618 4891 1806 4988 accedant,
1831 4913 1972 4989 eumque

478 5016 727 5117 peremptorie
748 5028 938 5104 moneant,
959 5026 1135 5112 utusque
1163 5011 1209 5090 ad
1236 5011 1331 5090 duos
1360 5037 1518 5103 mensae,
1544 5037 1565 5088 a
1592 5011 1811 5092 monitionis
1829 5025 1972 5108 tempore

480 5135 763 5236 computandos,
784 5135 830 5214 de
859 5132 1018 5224 damnis,
1038 5131 1210 5233 expensis
1239 5145 1276 5208 et
1304 5129 1450 5231 injuriis
1470 5129 1678 5233 plenariam
1701 5134 1748 5210 ad
1774 5131 1970 5210 mandatum

480 5262 517 5333 et
544 5253 821 5356 beneplacitum
851 5252 968 5356 ipsius
996 5248 1184 5354 pontilicis
1212 5249 1505 5329 satisfactionem
1535 5248 1743 5351 impendat,
1771 5247 1971 5352 Repalarum

479 5383 642 5452 castrum
670 5373 797 5454 Electo
825 5371 1047 5453 Taurineusi
1075 5397 1162 5450 cum
1190 5366 1374 5448 fructibus
1402 5368 1479 5448 sive
1518 5369 1778 5470 proventibus,
1815 5367 1970 5447 restituat
