4096 6190
485 337 558 402 ³32
891 330 1088 399 REGESTA
1115 329 1318 400 conluunt
1347 330 1593 400 SABAUDIAE

482 569 537 650 nil
561 571 706 652 addens
731 568 792 650 vel
827 568 1042 651 diminuens
1074 579 1199 675 preter
1230 569 1401 652 forsitam
1441 569 1604 651 litteram
1646 571 1705 651 vel
1742 571 1887 654 silebam
1914 575 1956 656 rel

478 686 689 770 litterarum
716 689 878 771 formem
905 700 944 770 at
971 713 1032 769 me
1058 687 1272 795 subscripsi.

562 841 580 878 ι
606 809 654 890 Et
678 834 749 915 ege
774 807 940 890 Jeeebus
966 806 1013 888 de
1039 808 1176 889 Dereto
1203 808 1371 889 notarius
1397 818 1467 889 ete.
1495 807 1589 909 (sie).

562 960 580 998 u
605 929 653 1008 Et
678 953 748 1032 ege
774 926 928 1009 Dulcius
954 927 992 1008 S.
1020 926 1153 1008 Palatii
1181 927 1351 1008 noterius
1377 937 1444 1010 ate.
1472 928 1579 1031 (sie).
1608 959 1625 1001 e

636 1097 680 1178 (n
700 1097 778 1160 aab.
795 1095 885 1176 Regii
899 1097 1098 1160 Oeeenemet.
1115 1097 1267 1176 generalis
1287 1096 1501 1161 Teurineneie.
1516 1096 1703 1160 1666616686
1722 1098 1802 1161 delle
1817 1099 1898 1162 Oerte
1913 1100 1958 1161 ee

556 1193 729 1257 reomau
749 1195 786 1256 dt
807 1193 963 1274 emme.
986 1193 1175 1276 Exemplum
1196 1194 1312 1258 soeculi
1332 1195 1436 1275 xvn).

565 1549 730 1622 cunvn.
759 1590 795 1602 -
823 1545 1086 1622 Iuveetlture
1112 1543 1333 1620 nauseo
1359 1546 1599 1619 merchtenl
1626 1547 1897 1622 selectorum

855 1745 944 1806 1888.
967 1743 1003 1806 11
1025 1745 1057 1807 d.
1080 1741 1271 1809 Novembris.
1294 1745 1366 1807 Iud.
1389 1763 1465 1808 rur.
1488 1743 1615 1824 vigeni.

548 1945 744 2028 Amedeus
771 1971 897 2024 eomes
924 1944 1135 2025 Sabaudiee
1161 1959 1200 2024 et
1225 1944 1265 2025 in
1294 1944 1403 2026 Italia
1429 1945 1599 2026 marchio
1625 1947 1801 2029 concedit
1835 1947 1959 2027 nemine

471 2063 626 2172 gentilis
652 2063 756 2146 leudi
785 2090 829 2145 ae
854 2061 1055 2168 paternalis
1088 2073 1125 2143 et
1156 2062 1485 2144 investitueieuem
1527 2064 1617 2145 lecit
1648 2065 1847 2146 Maulredo
1879 2093 1959 2146 mar-

472 2184 602 2267 chioni
629 2183 865 2266 Salueiarum
895 2183 942 2263 de
961 2193 1039 2263 tote
1066 2210 1111 2264 ee
1138 2182 1262 2281 leude,
1290 2183 1390 2288 qued
1419 2183 1498 2287 ipse
1524 2183 1572 2264 eb
1598 2211 1643 2265 ee
1671 2184 1788 2268 babet
1811 2199 1849 2266 et
1871 2197 1959 2270 tenet

472 2316 511 2386 et
535 2302 746 2408 specialiter
771 2302 819 2384 de
845 2303 973 2384 Castro
1000 2303 1047 2383 de
1074 2301 1239 2410 bargiis,
1264 2328 1351 2384 cum
1379 2302 1513 2410 burge,
1546 2302 1633 2384 uilla
1665 2316 1704 2385 et
1735 2305 1959 2409 pertinenciis.

472 2424 520 2505 de
546 2421 773 2518 Feutanilio‚
799 2419 987 2517 Reuealia,
1004 2420 1136 2518 Busae,
1162 2421 1416 2502 Scerenefixie
1444 2433 1482 2503 et
1507 2422 1622 2502 simul
1649 2422 1697 2504 de
1715 2433 1797 2503 tete
1814 2451 1866 2518 ee,
1884 2425 1959 2527 qued

471 2543 648 2623 Nicolaus
674 2543 722 2624 de
747 2539 945 2636 Bernerie,
972 2539 1199 2622 Guillelmus
1226 2555 1263 2621 et
1289 2542 1446 2646 Ogerins
1475 2541 1604 2622 fratres
1623 2540 1819 2624 hebebant
1835 2544 1872 2624 in
1892 2543 1961 2624 Ber·

472 2661 593 2753 nocie,
620 2673 754 2758 castre,
780 2659 869 2740 ville
894 2670 933 2740 et
959 2658 1212 2764 pertinenciis.

546 2781 764 2864 Praedictus
791 2777 962 2860 marchio
984 2785 1088 2881 jurat
1105 2777 1274 2860 Amedee
1296 2779 1427 2861 cemiti
1445 2777 1681 2862 fidelitatem.
1698 2783 1745 2862 Et
1764 2781 1821 2862 sie
1839 2781 1962 2884 insuper

470 2901 642 2982 additum
671 2912 729 2982 est
754 2897 853 2980 inter
878 2897 1055 2979 comitem
1088 2909 1127 2977 et
1160 2899 1439 2996 marchionem,
1473 2898 1576 3002 qued
1605 2900 1787 3003 quosiens
1820 2901 1960 2982 marchio

470 3019 602 3101 feeerit
627 3019 851 3101 fidelitatem
878 3017 1033 3099 demine
1066 3016 1197 3099 comiti
1229 3017 1450 3115 sabaudiae,
1485 3019 1586 3122 qued
1617 3046 1744 3101 eomes
1775 3020 1959 3102 sabaudiae

469 3140 702 3243 praedictum
737 3150 910 3219 teneatur
944 3135 1065 3217 lacere
1091 3147 1380 3216 sacromentum.
1407 3139 1455 3217 Et
1480 3137 1531 3217 ite
1558 3137 1683 3240 plures
1708 3139 1861 3220 chartae
1886 3138 1956 3220 fient

469 3260 580 3340 etad
607 3257 810 3340 concilium
837 3255 1016 3360 sapientis
1042 3255 1146 3336 refici
1174 3256 1318 3360 possint
1344 3269 1383 3337 et
1408 3255 1502 3337 fieri.

544 3379 679 3460 Actum
706 3377 747 3457 in
773 3376 922 3483 Vigone
949 3375 990 3456 iu
1017 3375 1132 3456 dome
1160 3375 1336 3457 deminae
1362 3376 1475 3456 Berta
1500 3375 1624 3458 Jaune
1650 3382 1753 3480 (eie).

545 3499 691 3579 Testes:
717 3495 817 3577 Vide
844 3494 891 3576 de
909 3493 1097 3590 Pleznsee‚
1118 3494 1199 3575 dns.
1216 3552 1249 3571 ..
1272 3554 1301 3570 ..
1328 3495 1375 3574 de
1401 3495 1523 3585 Pleut
1541 3494 1770 3577 Neutelmus
1797 3498 1844 3576 de
1869 3497 1957 3578 Co...
2022 3527 2023 3593 l

468 3615 589 3721 Aymo
615 3616 737 3698 socius
765 3620 858 3716 ejus,
883 3613 1016 3694 Petrus
1043 3613 1090 3694 de
1118 3609 1261 3704 Alinee,
1287 3612 1412 3693 Berlie
1430 3613 1477 3693 de
1497 3611 1716 3706 annueres,
1741 3617 1817 3696 Ote
1841 3617 1884 3696 de
1906 3616 1961 3694 ee

470 3733 570 3816 uinis
597 3743 635 3814 et
660 3732 795 3837 plures.

541 3835 742 3932 lohannes
765 3850 932 3932 noterius
960 3849 1083 3931 dictus
1110 3848 1157 3930 de
1184 3848 1338 3931 Caluxie
1364 3851 1522 3956 scripsit.

627 4021 669 4104 (Ε
702 4023 741 4084 Β.
773 4022 850 4085 Teb.
883 4020 1079 4084 Tenrinensi.
1112 4021 1308 4084 Mureteeeto
1338 4022 1375 4084 et
1404 4021 1547 4096 Seleuco,
1574 4024 1608 4082 4⁸
1638 4024 1746 4105 om,
1781 4025 1958 4094 smmum,

548 4119 691 4198 0166θοί,
712 4137 821 4184 meuse
843 4119 887 4193 1⁰,
908 4137 941 4180 n.
965 4120 1014 4180 1⁰.
1038 4117 1086 4180 ef.
1109 4117 1189 4182 Dee.
1212 4115 1377 4200 eumn).

783 4475 964 4546 OMLVIII.
994 4513 1029 4524 -
1057 4471 1309 4565 aymericus
1336 4473 1388 4546 tle
1413 4475 1661 4548 Brtcneene

725 4672 813 4746 1888,
835 4671 866 4733 d.
889 4672 926 4732 18
947 4669 1074 4751 Aprilis.
1096 4669 1168 4732 Ind.
1190 4687 1240 4730 rx.
1262 4664 1355 4750 Apud
1375 4667 1514 4733 Mentem
1534 4668 1717 4734 Meliennm.

539 4871 760 4976 Aymerieus
797 4869 844 4950 de
887 4868 1121 4959 Brianeene,
1151 4868 1191 4949 iu
1228 4871 1438 4974 praeseutia
1470 4870 1631 4952 Amedei
1663 4871 1715 4952 IV
1749 4871 1898 4953 cernitis
1924 4865 1958 4946 dc

310 5083 313 5090 ,
461 4990 660 5090 Sabaudie‚
687 4987 922 5095 recognoscit
949 4986 1048 5068 dicte
1076 4987 1206 5080 eomjti
1234 5001 1272 5068 at
1298 4989 1500 5070 confitetur
1529 4989 1629 5093 qued
1660 4989 1804 5072 demus
1839 5017 1902 5072 sue
1922 4987 1956 5064 e

460 5112 563 5195 Belle
590 5109 732 5194 Combe
758 5122 797 5188 et
820 5107 1004 5213 quidquid
1031 5109 1130 5211 apud
1156 5106 1441 5189 Bellunumbam
1470 5107 1681 5204 habetest
1714 5109 1767 5192 da
1801 5110 1908 5193 leude
1928 5117 1954 5183 et

459 5232 630 5317 dominio
655 5229 771 5336 ipsius
798 5225 960 5324 comitis,
987 5239 1026 5306 et
1052 5227 1172 5330 ipsam
1206 5225 1362 5309 demum
1399 5227 1538 5310 debere
1575 5228 1646 5333 ipsi
1665 5233 1667 5240 '
1685 5229 1850 5324 reddere
1883 5251 1953 5332 que·

459 5356 694 5457 tieseumque
720 5349 842 5433 dietus
868 5373 995 5429 eomes
1022 5347 1081 5426 vel
1108 5347 1236 5429 nuncii
1261 5346 1378 5452 ipsius
1405 5347 1591 5452 petierint
