4050 6188
699 327 908 398 AMADEUS
937 327 982 393 lv
1049 339 1053 348 ’
1471 276 1478 288 ⁸
1528 331 1597 396 217

84 437 394 446 ——.---.-——

81 565 266 659 Amasim,
292 565 502 646 Emericius
535 567 582 647 do
616 565 817 662 Brianson‚
851 566 1083 648 Volliermns
1115 569 1209 650 Belli
1247 570 1368 660 Forti,
1395 570 1599 651 Umbertus

83 684 302 782 Meresculii‚
329 687 449 788 Aymo
476 688 523 765 de
549 684 712 775 villario,
730 687 863 765 Petrus
882 686 928 766 de
947 687 1087 766 Roveto
1103 694 1164 789 (t),
1193 689 1409 769 Villiermus
1437 690 1483 768 de
1510 689 1600 769 Val-

82 803 220 906 petina,
249 805 405 912 Ogerius
433 806 480 886 de
508 805 687 911 Giglieno‚
716 807 909 886 Amedeus
937 807 983 886 de
1011 808 1167 905 Donato,
1197 812 1319 912 Aymo
1339 807 1527 890 Pelisserii
1553 809 1600 889 de

80 923 218 1018 Bardo,
246 928 368 1028 Aymo
395 925 497 1004 filius
532 925 689 1005 Bosonis
717 925 764 1004 de
791 925 932 1019 Cortel,
958 925 1135 1006 Albertus
1164 927 1323 1007 Liohent
1349 929 1395 1008 de
1426 928 1600 1009 Vellesin.

156 1043 320 1122 Jecobus
348 1044 384 1123 S.
412 1043 544 1123 Palatii
572 1054 609 1122 ct
636 1043 783 1123 comitis
810 1043 1020 1124 Sebaudiee
1050 1045 1214 1125 notarius
1241 1047 1397 1149 scripsit.

242 1215 387 1295 (Recucit
407 1216 460 1276 dee
480 1213 668 1276 Frunotteeo
683 1220 711 1275 ot
732 1215 904 1293 Priotldpcc
929 1216 973 1276 du
1005 1216 1101 1277 docte
1131 1218 1274 1280 d’Aoete.
1309 1218 1367 1282 Me.
1400 1217 1430 1279 J.
1453 1219 1491 1280 A.
1514 1220 1597 1282 Duc.

162 1309 247 1389 Epis.
272 1311 499 1390 Augustoneie).

311 1725 438 1791 nxcv.
467 1761 503 1772 -
530 1669 743 1812 munuc·
770 1722 840 1793 rr.
864 1721 976 1793 coer.
1006 1723 1046 1794 s.
1075 1723 1377 1816 praecingunt.

437 1936 526 2009 1289,
547 1953 650 1997 mense
670 1933 766 2012 Majo.
788 1935 881 2014 Apud
902 1934 1059 1998 civitatem
1079 1937 1249 2016 Augustae.

154 2135 343 2216 Amedeus
369 2162 496 2215 comes
524 2134 766 2216 Mauriennae
793 2145 831 2214 et
858 2135 1026 2214 marchio
1054 2134 1092 2215 in
1121 2134 1226 2215 Italia
1261 2135 1419 2215 domum
1447 2138 1483 2219 S.
1513 2139 1596 2220 Ursi

69 2254 339 2358 Augustonsis,
354 2281 469 2356 qnam
485 2280 577 2358 pepe
596 2253 839 2334 Innocentius
859 2253 950 2333 olim
972 2255 1109 2333 tutelae
1127 2253 1248 2334 Patris
1266 2254 1322 2334 sni
1347 2257 1597 2349 commiserat

70 2371 152 2452 suh
180 2372 348 2452 custodie
376 2386 413 2454 et
439 2372 657 2453 defensione
685 2400 753 2469 sue
779 2373 948 2478 suscipit:
967 2373 999 2453 si
1019 2374 1102 2478 quis
1123 2373 1169 2454 de
1189 2386 1312 2453 cetero
1340 2388 1469 2455 contra
1496 2379 1607 2479 pree-'

71 2493 202 2571 dictae
216 2492 393 2573 ecclesiae
414 2519 484 2583 ree,
502 2492 601 2572 bona
619 2504 656 2571 et
675 2491 867 2596 privilegia
890 2493 1017 2572 venire
1036 2495 1337 2596 praesumpserit,
1358 2523 1403 2574 cx
1425 2495 1596 2576 marchas

69 2613 159 2715 puri
189 2611 333 2716 argenti
361 2638 401 2690 se
421 2611 700 2714 persoluturum
728 2638 810 2692 esse
837 2611 938 2690 sciet.

240 2781 283 2862 (E
304 2780 380 2842 Teb.
403 2781 435 2844 S.
461 2781 534 2844 Ursi
554 2780 768 2860 Augustonein.
790 2779 878 2843 Hor.
901 2783 993 2844 Patr.
1017 2783 1102 2846 Mon.
1126 2783 1235 2847 Ghert.
1259 2786 1287 2858 I,
1310 2786 1358 2846 col
1381 2786 1483 2866 1339).

497 3197 642 3268 DXGVI.
671 3239 706 3252 -
735 3196 952 3269 schem·
977 3195 1183 3269 Boudonr.

669 3413 757 3488 1239,
780 3431 882 3475 mense
905 3411 1010 3474 Junio.

152 3610 352 3691 Johuunes
385 3609 575 3704 Boudons
605 3609 725 3705 miles,
753 3623 790 3689 ct
816 3610 994 3691 dominus
1022 3613 1068 3692 de
1096 3611 1322 3719 Elverdoing
1355 3614 1522 3694 Thomas
1551 3614 1597 3694 de

64 3727 268 3812 Sabandia
295 3727 422 3808 comiti
444 3728 647 3808 -Flnndriee
675 3729 896 3810 fidelitatem
927 3729 1075 3808 faciunt.

239 3897 500 3980 (Rnrrrnnnnne,
524 3898 600 3961 noo.
624 3900 678 3961 cit.
702 3919 772 3979 pag.
797 3901 862 3980 20).

310 4307 472 4374 DXOVII.
501 4347 537 4356 --
562 4304 778 4377 'medens
804 4305 875 4377 Π.
903 4307 1048 4379 Abba·
1074 4307 1376 4382 Alteecrictee.

474 4523 562 4596 1239,
585 4523 622 4582 28
643 4522 674 4584 d.
698 4521 797 4584 Junii.
821 4521 912 4602 Apud
933 4523 1051 4586 virtum
1072 4523 1202 4587 Novem.

151 4723 345 4804 Amedeus
372 4751 498 4803 comes
525 4723 737 4812 Sahaudiae
764 4737 802 4804 et
829 4725 997 4805 marchio
1021 4725 1150 4807 ltaliae
1178 4753 1306 4830 pacem
1336 4727 1470 4807 fertem
1499 4729 1598 4808 inter

58 4843 255 4926 abbatem
281 4842 525 4924 Altaecristne
553 4843 809 4926 Cisterciensis
837 4845 985 4926 Ordinis
1005 4847 1283 4932 Leusonnensis
1302 4847 1484 4930 dioecesis
1511 4877 1597 4928 con-

57 4967 216 5045 firmat.
240 4962 374 5065 Agitur
401 4962 448 5041 de
477 4962 654 5058 decimis,
683 4991 775 5066 quus
802 4963 945 5044 solvere
973 4966 1114 5046 debent
1140 4967 1316 5047 homines
1343 4968 1382 5049 in
1411 4969 1597 5049 territorio

59 5085 117 5166 de
153 5081 347 5186 Tigneria‚
374 5082 475 5184 quod
504 5082 736 5162 Hnmbertns
765 5113 799 5188 q.
832 5111 959 5164 comes
987 5084 1197 5166 Sebendiae
1219 5100 1257 5165 et
1274 5087 1443 5168 marchio
1469 5088 1597 5168 Iteliee

58 5224 180 5282 enno
207 5227 279 5278 nnc
307 5200 535 5280 monasterio
563 5202 775 5282 donaverat.

240 5369 289 5451 (E
311 5369 386 5432 ch.
410 5371 477 5433 Gir.
499 5371 693 5436 Leusonnee.
717 5374 877 5436 Grnnsnro
897 5380 927 5436 et
953 5375 1089 5438 Pnonrs.
1114 5377 1192 5438 Doo.
1216 5376 1283 5458 erp.
1307 5377 1390 5438 Mon.
1413 5380 1595 5458 peg.139).

159 5536 186 5580 28
226 5536 325 5586 cumr,
339 5536 426 5591 macto
438 5537 536 5580 comtum
550 5538 677 5581 sabaudiae.
