4198 6190
787 381 971 448 ucacals

409 829 553 897 cxcru.
583 869 631 878 -
648 825 835 897 Malaia.
865 827 1044 897 Honaat.
1074 828 1119 896 in
1148 826 1349 900 Cabur-ro.

588 1024 676 1092 1076,
699 1027 716 1082 5
739 1023 838 1084 Junii.
862 1022 931 1083 Ind.
956 1041 980 1082 1.
1003 1022 1167 1084 Pinarolii.

192 1203 397 1308 Adalegida
425 1203 615 1283 comitissa
636 1204 658 1282 l.
677 1232 710 1306 q.
732 1201 955 1309 Magnilredi
985 1203 1227 1292 marchionis,
1250 1205 1331 1308 lege
1353 1205 1480 1284 vivens
1507 1205 1633 1298 salica,

114 1321 347 1404 monasterio
365 1323 401 1401 S.
423 1321 559 1402 Mariae
579 1323 617 1402 in
639 1322 795 1412 Cabum,
815 1321 879 1403 oui
903 1334 1048 1426 praeest
1066 1323 1233 1403 Marinus
1252 1323 1384 1414 abbas,
1397 1325 1461 1403 dat
1484 1351 1635 1404 mansos

113 1443 211 1521 duos
238 1442 276 1520 iu
316 1441 504 1521 Pinerolio
540 1440 641 1521 etin
674 1449 755 1543 ejus
790 1441 977 1522 territorio
1010 1443 1168 1545 positos;
1197 1455 1270 1522 tres
1299 1470 1450 1523 mansos
1485 1443 1524 1523 in
1552 1443 1635 1524 loco

114 1561 303 1665 Bagnolo;
332 1573 476 1640 cortem
504 1586 619 1640 unam
655 1587 751 1665 quae
788 1560 925 1640 dicitur
959 1560 1153 1656 Roucalia3
1181 1573 1291 1664 atque
1326 1562 1497 1642 concedit
1526 1575 1632 1666 pote-

113 1691 252 1758 statem
280 1679 457 1759 boscaudi
487 1679 526 1760 in
554 1678 739 1760 territorio
767 1681 882 1760 curtis
910 1681 956 1760 de
975 1680 1201 1774 Fontanilio,
1222 1680 1260 1761 in
1281 1682 1394 1761 bosco
1415 1682 1634 1786 Stapharda.

113 1801 312 1878 Praeterea
340 1799 402 1878 dat
421 1800 601 1901 quasdam
621 1827 679 1879 res
699 1800 736 1879 iu
757 1800 943 1880 territorio
972 1800 1134 1890 Salucie‚
1154 1800 1252 1880 idest
1279 1800 1422 1904 peciam
1451 1829 1566 1881 uuam
1587 1801 1635 1880 de

115 1917 262 1996 boscho
290 1918 328 1997 in
358 1918 441 1997 loco
475 1918 669 1999 Cellaretc.
705 1919 867 2000 Traditio
901 1921 945 2000 fit
976 1949 1041 2022 per
1074 1919 1270 2001 cultellum
1305 1933 1373 1998 etc.
1403 1963 1439 1979 —
1468 1923 1504 2000 S.
1532 1922 1631 2000 Ade-

115 2035 242 2142 legide
271 2036 481 2116 comitissae
510 2049 547 2115 et
574 2038 738 2116 testium.

194 2154 427 2235 Giselbertus
455 2155 622 2236 notarius
651 2157 687 2235 S.
715 2155 850 2235 Palatii
878 2155 1037 2260 scripsit.

277 2327 462 2405 (lisanam,
486 2327 635 2388 Memoria
657 2327 692 2388 aa·
714 2325 854 2398 Salazzo,
876 2327 938 2388 vol.
961 2327 989 2398 1,
1013 2346 1043 2404 p.
1068 2331 1150 2406 250).

284 2725 423 2792 cxclv.
452 2761 490 2774 --
514 2721 704 2806 Malaia,
732 2723 884 2792 Petrus
911 2723 944 2805 1,
970 2719 1183 2792 madeus
1208 2724 1260 2793 11.
1288 2722 1470 2795 monast.

241 2853 245 2862 '
727 2872 1034 2946 nov-riorum.

255 3073 396 3152 1076,(?)
420 3074 495 3135 1663
508 3072 549 3151 (6)
574 3074 651 3132 1089
675 3075 710 3131 16
733 3071 810 3132 Julii
832 3073 902 3134 Iud.
927 3092 937 3132 1
961 3071 1081 3152 Epaota
1102 3093 1149 3135 iv.
1173 3074 1313 3138 Seouaiaa
1334 3075 1367 3135 in
1389 3079 1500 3138 castro.

195 3255 306 3335 Anno
335 3251 538 3333 millesimo
565 3251 754 3333 tricesimo
781 3281 882 3333 nono
910 3259 954 3352 (t)
972 3253 1103 3333 indict.
1123 3253 1243 3355 prima
1262 3259 1321 3355 (6),
1350 3265 1477 3358 epacta
1496 3267 1636 3358 quarta,

115 3401 191 3450 xvu
218 3371 300 3452 Kal.
327 3371 506 3477 Augusti:
537 3368 719 3450 Adeleida
733 3372 924 3452 comitissa
939 3373 960 3451 f.
977 3400 1010 3475 q.
1026 3371 1190 3452 Odolrici
1206 3371 1428 3477 Magnifrcdi
1445 3401 1532 3452 cum
1548 3372 1636 3454 filiis

115 3490 198 3570 suis
224 3491 335 3571 Petro
363 3505 401 3568 et
428 3490 607 3584 Amedeo‚
637 3517 702 3592 pro
729 3491 897 3570 remedio
924 3503 1121 3593 pareutum
1150 3502 1188 3570 et
1214 3491 1337 3571 mariti
1365 3495 1423 3572 sui
1458 3491 1636 3590 Oddonis‚

114 3613 350 3694 monasterio
377 3615 413 3692 S.
440 3612 539 3692 Petri
567 3612 614 3691 de
648 3611 838 3692 Novalicio
870 3613 934 3693 dat
967 3603 1142 3693 mansum
1170 3613 1270 3715 quod
1299 3614 1419 3694 estin
1457 3613 1637 3712 Gallione,

112 3731 220 3836 quod
247 3731 338 3812 colit
365 3731 547 3811 Martinus
574 3730 800 3835 cognomine
829 3732 987 3818 Brunus
1016 3729 1177 3833 exceptis
1205 3731 1318 3811 rebus
1342 3759 1436 3834 quae
1463 3732 1634 3815 abbatiae

114 3852 152 3929 S.
183 3849 281 3930 lusti
310 3849 416 3930 datae
445 3848 605 3928 luerunt.
633 3848 841 3930 Confirmat
877 3848 929 3929 ibi
966 3849 1082 3929 alium
1120 3875 1294 3930 mansum
1333 3862 1370 3928 et
1401 3849 1526 3930 villam
1564 3853 1637 3933 Ca-

114 3967 283 4060 marleti,
311 3983 349 4048 et
380 3968 540 4068 burgum
576 3967 810 4048 Novalicium
831 3980 882 4056 ¹et
912 3968 1053 4047 Venulo
1089 3969 1186 4072 apud
1224 3969 1437 4065 Secusiam‚
1472 3982 1510 4048 et
1545 3971 1637 4055 duas

112 4099 240 4190 partes
268 4087 314 4167 dc
341 4087 515 4168 Lostarlio
543 4115 563 4166 a
589 4088 699 4165 Petra
726 4088 853 4166 stricta
881 4089 1065 4188 usquead
1088 4087 1266 4166 verticem
1285 4090 1424 4166 montis
1445 4101 1482 4167 et
1500 4116 1635 4192 aquam

113 4207 225 4286 fluvii
263 4207 440 4299 Ciniscle‚
468 4219 505 4285 et
531 4207 687 4286 domum
724 4206 1049 4287 eleemosinariam
1084 4207 1225 4287 montis
1253 4205 1403 4296 einisii.
1431 4207 1533 4310 alpes
1560 4207 1637 4288 Cla-

113 4325 260 4418 raniae‚
289 4325 490 4431 Margeriae
518 4324 755 4428 millenarii,
783 4326 986 4428 omniaque
1015 4325 1233 4405 monasterii
1253 4324 1351 4404 hona
1371 4372 1421 4384 —
1439 4326 1637 4407 Comitissa

115 4446 288 4524 chartam
318 4443 457 4524 annulo
484 4471 552 4522 suo
579 4445 709 4548 signat.
730 4445 822 4550 lngo
841 4444 1035 4547 opiscopus
1056 4443 1235 4523 Astansis.
1254 4443 1381 4522 Bruno
1401 4445 1478 4524 vico
1498 4473 1635 4539 comos,

114 4563 294 4644 Robadus
321 4563 368 4643 de
397 4563 602 4655 Manciam,
631 4564 817 4642 Tedaldus
846 4564 892 4643 dr
921 4565 1028 4643 Serra
1057 4562 1176 4641 lonra.

281 4742 318 4824 (E
340 4737 595 4821 veter-caxam'plo
617 4743 752 4820 quadiu
781 4743 819 4802 R.
849 4743 924 4803 Tab.
955 4741 1139 4803 Tauriueusi
1167 4742 1364 4814 adservatur,
1385 4741 1524 4804 Abbania
1555 4743 1637 4804 della

199 4839 362 4913 Novalasa,
378 4839 468 4902 Faac.
485 4840 520 4910 Ι,
536 4860 569 4901 n.
585 4842 635 4912 24,
659 4841 706 4902 M.
723 4841 767 4904 H.
786 4839 822 4899 Ρ.
848 4839 955 4900 Ohart.
977 4839 1007 4911 1,
1030 4840 1089 4900 ool.
1113 4841 1180 4900 667.
1204 4839 1405 4901 Manifestum
1425 4843 1470 4900 ast
1491 4839 1636 4902 mendum

198 4939 638 5014 inanuotuxxx1x‚aquo
658 4955 740 4998 anno
761 4955 858 5013 nequo
879 4935 1003 4996 Adalais
1025 4935 1162 4997 Odtlouis
1178 4955 1266 5008 uxor,
1282 4955 1337 4996 neo
1360 4937 1424 5014 ojus
1445 4936 1539 4998 vidua
1559 4941 1636 5009 erat,

197 5053 294 5112 nuqua
315 5036 409 5112 Iugo,
432 5037 485 5112 qui
506 5034 633 5094 chartae
653 5032 845 5111 subscripsit,
870 5033 1088 5111 pontificatum
1109 5035 1269 5094 Astenaem
1284 5033 1387 5094 adhuc
1402 5034 1531 5112 adoptas
1551 5039 1635 5106 eran

196 5131 327 5209 danique
341 5131 476 5193 Iudiotio
491 5131 553 5190 VII
568 5129 715 5192 vertebat.
740 5129 876 5190 Indictio
889 5129 906 5188 I
921 5129 960 5192 ad
975 5149 1094 5191 aunum
1109 5149 1268 5191 uuxxvru
1298 5130 1343 5190 vel
1366 5149 1476 5192 ucxur
1500 5136 1634 5191 revocat.

199 5228 258 5291 Sed
285 5247 367 5290 auno
393 5246 555 5289 uuxxvru
578 5227 772 5300 adalaidem,
795 5227 920 5288 Petrum
942 5227 959 5288 1
988 5230 1018 5287 et
1039 5227 1211 5288 Amadaum
1232 5227 1266 5287 11
1287 5227 1391 5288 eadam
1411 5227 1460 5287 dia
1474 5229 1527 5304 (16
1544 5226 1633 5304 Iulii)

195 5323 285 5385 binas
306 5325 485 5387 donationes
506 5325 602 5385 eidem
617 5324 803 5385 monasterio
819 5325 925 5384 sacioso
941 5323 993 5402 (V.
1012 5323 1089 5384 Doo.
1108 5323 1321 5398 CLXXXIII)
1338 5342 1448 5400 parum
1465 5322 1633 5402 probatum

198 5422 343 5500 quocirca
364 5421 474 5483 charta
496 5423 534 5482 ad
556 5441 674 5482 aunum
698 5440 807 5481 unxru
830 5422 958 5481 sortasse
979 5421 1133 5482 inserendo
1156 5424 1227 5498 eat).
