4050 6188
461 339 530 404 168
863 337 1061 406 Reonsra
1088 339 1292 407 OOMITUM
1321 339 1566 408 SABAUDIAE

456 575 629 673 bariono,
650 578 815 683 Moigna,
839 576 1039 659 Guifredus
1066 575 1324 674 Maresoalcus,
1350 578 1468 659 David
1496 579 1543 658 de
1571 579 1739 667 Camena,
1768 579 1879 658 Petrus
1898 581 1930 660 de

457 695 608 786 Toueto,
637 696 749 800 Opizo
776 696 938 778 Alberioi
967 695 1137 802 Bergoig‚
1160 697 1206 777 de
1233 699 1328 778 Dian
1355 697 1532 801 Papirius,
1560 698 1658 778 Bozo
1686 697 1733 776 de
1761 696 1929 790 CuinaW.

458 814 505 894 de
532 816 696 896 Ferraris
723 816 851 897 ludex.
1171 829 1173 836 '

532 934 735 1015 Mauricius
762 936 849 1038 imp.
878 936 993 1016 Auloe
1024 936 1189 1018 notarius
1217 936 1374 1041 scripsit.

619 1105 722 1184 (ER.
746 1105 823 1169 Ταῦ.
847 1106 1043 1179 Taurinomi,
1069 1107 1185 1182 Ounno,
1207 1107 1279 1169 Fas.
1302 1105 1366 1182 111,
1388 1126 1421 1169 n.
1453 1107 1484 1166 2.
1518 1106 1717 1180 Manunn,l
1747 1105 1887 1168 Marctto'
1901 1107 1935 1166 tot

466 1203 574 1277 Vetto,
598 1222 669 1283 pag.
692 1205 777 1282 344).

764 1526 950 1594 ODL11.-
978 1524 1135 1594 Domus
1161 1520 1478 1594 carthusiensi·
1503 1540 1673 1614 magne.

522 1719 610 1795 1217,
633 1720 653 1782 2
671 1718 800 1800 Aprilis.
822 1717 894 1782 Ind.
918 1737 949 1779 v.
973 1721 1013 1781 In
1035 1719 1231 1792 Trisantona,
1254 1719 1287 1781 in
1307 1717 1462 1782 Viridcrio
1485 1719 1732 1783 Tarantoaianais
1752 1721 1893 1784 ecclosias.

536 1899 697 1981 Thomas
724 1927 850 1982 comes
878 1899 1057 1981 Macrian.
1086 1913 1124 1980 et
1148 1899 1187 1979 in
1219 1900 1324 1982 ltalia
1364 1902 1533 1982 marchio
1569 1903 1685 1983 donat
1719 1903 1846 1983 domui
1877 1905 1939 1982 Car-

464 2018 648 2100 thusiensi
676 2049 710 2098 ιν
736 2019 853 2100 libras
880 2018 1032 2099 fortium
1060 2019 1254 2099 annuatim
1284 2018 1323 2099 in
1351 2020 1510 2124 pedagio
1537 2022 1572 2103 S.
1601 2019 1820 2126 Regniherti
1849 2021 1888 2100 ad
1910 2021 1940 2098 ia-

462 2139 640 2220 ciendum
675 2139 886 2220 convivium
928 2137 1096 2242 patribus
1136 2153 1367 2219 memoratae
1401 2139 1538 2220 domus
1573 2140 1610 2220 in
1648 2139 1774 2245 vigilia
1809 2141 1940 2220 Paschae

463 2271 500 2338 et
526 2258 564 2338 in
592 2258 665 2351 die,
693 2272 805 2362 atque
833 2259 871 2338 in
898 2258 1070 2362 sequenti
1099 2258 1189 2339 feria
1217 2257 1395 2339 secunde.
1423 2259 1676 2340 Donationem
1702 2260 1831 2340 laudat
1855 2261 1941 2338 Aure-

463 2380 555 2461 deus
582 2379 684 2459 filius
711 2378 870 2461 comitis.

538 2498 733 2578 Mauritius
761 2496 915 2578 Comitis
944 2497 1117 2578 Notarius
1145 2497 1302 2597 scripsit.

620 2669 726 2752 (nuo.
749 2669 957 2742 (turonenses,
980 2669 1066 2731 Hiat.
1094 2665 1168 2732 Gon.
1192 2668 1339 2742 Pronoea,
1362 2687 1433 2748 pag.
1457 2670 1534 2748 ὄλ).

869 2993 1016 3064 onum.
1037 3032 1072 3042 -
1092 2989 1314 3092 Eogpitalc
1343 2991 1382 3062 8.
1403 2989 1568 3062 tanoni.

813 3195 951 3267 1217‚o
983 3193 1174 3256 Novembris.
1207 3193 1247 3252 In
1277 3190 1415 3271 capitulo
1445 3189 1634 3268 Agounensi.

539 3363 703 3460 Thomas
730 3373 1030 3455 Mauriennensis
1057 3397 1183 3452 comes
1211 3382 1249 3449 et
1276 3368 1456 3465 marchio,
1485 3367 1810 3448 consentientibus
1838 3380 1947 3447 etcor-

463 3497 687 3580 cedentibus
715 3493 804 3574 filiis
830 3493 908 3573 suis
934 3491 1104 3573 Amcdco
1132 3501 1170 3570 et
1196 3488 1420 3582 Humberto,
1448 3487 1561 3568 donat
1587 3488 1624 3567 S.
1653 3485 1829 3567 Mauritio
1855 3489 1948 3590 Agau-

465 3618 571 3700 nensi
598 3615 781 3720 quidquid
806 3613 901 3715 juris
928 3610 1094 3691 hahebat
1112 3609 1151 3689 in
1169 3607 1343 3712 hospitali
1363 3609 1398 3687 S.
1418 3607 1549 3688 Jaoohi
1567 3605 1665 3709 apud
1686 3605 1722 3687 S.
1743 3605 1947 3692 Matutino,

463 3740 514 3820 ita
540 3750 666 3818 tamen
696 3747 738 3813 ut
763 3742 943 3812 consueta
971 3757 1174 3834 pauperum
1206 3725 1441 3830 hospitalitas
1470 3753 1544 3805 non
1574 3724 1778 3804 minuatur.

539 3861 694 3940 Factum
723 3853 879 3934 esthon
907 3851 945 3932 in
974 3850 1137 3955 capitulo
1162 3846 1391 3953 Agaunensi,
1409 3845 1448 3926 in
1477 3874 1590 3927 manu
1619 3845 1802 3948 Aymonis
1829 3843 1948 3925 abbatis

465 3979 565 4061 etin
595 3971 803 4082 praesentia
830 3971 1118 4053 Canonioorurn.

617 4147 659 4231 (Ε
681 4144 759 4210 Tab.
782 4146 815 4208 S.
839 4142 981 4208 Mauritii
1000 4144 1125 4220 Agarra.
1147 4139 1240 4203 Edid.
1265 4139 1472 4210 Gmcaauon,
1495 4135 1583 4200 Hnt.
1604 4137 1679 4199 Gon.
1697 4135 1846 4206 Pteuoca,
1861 4153 1889 4212 p.
1902 4130 1947 4197 52)-

868 4483 1006 4553 ODLlV.
1040 4520 1072 4529 -
1100 4475 1243 4548 Berlio
1270 4473 1321 4545 do
1350 4471 1573 4546 Sandiaoo.

1059 4676 1133 4740 Sine
1153 4694 1236 4737 enno
1256 4676 1286 4735 et
1306 4673 1384 4734 loco.

539 4869 703 4948 Thomas
730 4891 857 4946 comes
885 4859 1094 4943 Sabaudiae
1122 4869 1159 4936 et
1187 4853 1354 4935 marchio
1383 4853 1421 4932 in
1451 4851 1556 4931 Italia
1582 4847 1748 4929 Berlioni
1775 4849 1823 4927 de
1851 4843 1947 4925 Chan-

463 4988 568 5070 diaoo
595 4987 768 5067 salutent.
796 4983 909 5064 Illum
936 4977 1199 5083 preacipiendo
1226 4984 1340 5078 rogat,
1369 4985 1409 5050 ut
1427 4997 1538 5074 super
1558 4967 1800 5047 donationem
1819 4964 1865 5042 ab
1882 4961 1945 5082 [nr

462 5110 568 5190 berto
595 5108 648 5188 111
674 5106 824 5198 comite,
853 5076 938 5183 et'a
965 5096 1151 5178 Berlionis
1178 5106 1283 5198 patre
1310 5089 1441 5172 domui
1469 5087 1628 5169 Aillonis
1647 5085 1781 5165 iactam
1802 5083 1848 5164 ab
1867 5101 1944 5160 orno!

462 5229 599 5330 injuria
627 5254 666 5306 se
694 5223 893 5316 abstineat,
921 5235 957 5299 et
984 5217 1155 5297 restituat
1181 5213 1280 5316 quod
1310 5209 1498 5291 derebus
1526 5207 1745 5288 monasterii
1772 5201 1873 5304 oepit.

619 5395 661 5478 (E
683 5395 760 5459 Tub.
785 5392 970 5458 Oarthusioe
992 5387 1135 5451 Aillonie.
1160 5385 1367 5456 Guroaarmr,
1389 5381 1475 5444 Hirt.
1497 5395 1563 5458 oea.
1588 5377 1739 5451 Praenes,
1760 5393 1829 5456 pag·
1851 5373 1904 5443 51).
