4050 6188
452 367 522 430 230
584 440 588 448 ‚
852 368 1048 438 REGESTA
1075 371 1278 439 cOMITUM
1307 372 1552 442 SABAUDIAE

740 480 1693 497 ‘'——w-——ffl

740 487 1930 515 ——————-———————·-———*

693 823 881 890 DCXLVH.
912 862 946 872 -
975 821 1224 894 Uondetum
1250 823 1378 894 Petro
1406 822 1456 896 (1ο
1484 825 1714 898 subaudio.

879 1021 967 1094 1241,
990 1022 1029 1080 23
1050 1021 1080 1081 d.
1105 1021 1207 1082 Junii.
1230 1022 1321 1100 Apud
1343 1023 1520 1102 Merleberg.

521 1203 705 1284 Henrious
733 1199 814 1284 rei¹
835 1203 991 1309 Angliae
1031 1207 1215 1287 avunculo
1243 1233 1311 1285 suo
1351 1207 1460 1286 Petro
1494 1207 1540 1286 de
1574 1207 1764 1288 Sobaudia
1799 1210 1859 1288 dat
1887 1240 1932 1314 po·

447 1335 621 1404 testatem
648 1325 858 1404 attrahendi
886 1326 932 1404 ed
969 1325 1189 1427 obsequium
1224 1354 1334 1405 soum
1369 1325 1547 1406 comitem
1582 1326 1877 1408 Cabilionensem
1905 1345 1931 1408 et

446 1443 701 1524 Willielmum
728 1445 774 1524 de
801 1443 957 1541 Vienna,
986 1457 1022 1524 et
1050 1445 1229 1526 offerendi
1257 1445 1392 1525 iisdem
1421 1445 1577 1525 seudum
1606 1475 1777 1526 annuum
1803 1476 1864 1551 pro
1880 1477 1933 1526 ser·

448 1563 538 1643 vitio
564 1591 705 1644 eorum.

603 1719 745 1800 (Reuss,
769 1719 847 1781 Aeto
867 1719 992 1797 publiea
1013 1719 1156 1796 engone,
1176 1721 1205 1792 1,
1230 1719 1319 1780 Fuso.
1341 1718 1369 1792 Ι,
1395 1721 1476 1796 138).

596 2115 801 2183 1101111111.
833 2152 865 2160 -
895 2109 1154 2183 Dotelioium
1181 2109 1479 2203 Margarithee
1508 2109 1558 2181 (1ο
1586 2110 1801 2201 Kyburoh.

822 2312 909 2383 1241,
932 2313 950 2370 9
970 2313 1000 2373 d.
1018 2309 1107 2372 Julii.
1130 2310 1200 2371 Ind.
1224 2327 1296 2368 xiv.
1320 2311 1359 2370 In
1379 2309 1456 2370 ville
1477 2311 1566 2372 Suro.

519 2495 800 2575 Transactiones
826 2493 1006 2573 comitum
1036 2493 1083 2573 de
1110 2493 1315 2594 Kybourok
1335 2494 1572 2594 (Hartmenni
1592 2493 1748 2573 senioris
1776 2504 1813 2572 et
1832 2491 1931 2573 iunio

439 2616 506 2716 ris)
533 2616 631 2695 oiroe
659 2613 876 2693 dotaliciom
919 2613 1165 2717 Margarithee
1199 2614 1247 2692 de
1274 2611 1461 2692 Sabaodia
1488 2612 1699 2692 comitissae
1717 2611 1872 2692 senioris
1895 2610 1930 2686 de
1997 2647 1998 2650 κ

444 2734 663 2839 Kybourok,
689 2735 728 2814 in
755 2745 914 2836 quotuor
940 2733 1085 2813 chartas
1113 2731 1285 2838 digestas.

602 2905 652 2986 (E
676 2905 713 2966 R.
738 2904 952 2976 Tourinensi.,
975 2904 1117 2964 Matrim.
1141 2903 1249 2963 Mezze
1271 2903 1305 2974 Ι,
1326 2921 1359 2962 n.
1383 2903 1413 2975 6,
1436 2901 1467 2974 7,
1488 2903 1507 2960 8
1528 2905 1557 2962 ot
1578 2901 1608 2962 9.
1631 2901 1929 2962 Woemiieenoes.
1997 2883 1998 2972 i

524 3005 610 3064 Petri
632 3003 685 3076 Π,
708 3001 795 3062 Hos.
818 3001 1029 3075 Probotiooos,
1052 3021 1082 3078 p.
1106 3003 1155 3072 74,
1179 2999 1255 3060 Doo.
1281 3001 1362 3077 143).

660 3399 831 3468 DCXLIX.
861 3436 894 3444 -
924 3392 1184 3465 Dotolioium
1210 3391 1508 3484 Margaritheo
1535 3389 1736 3462 Kiburoh.

1029 3591 1102 3655 Sine
1124 3610 1206 3651 enno
1227 3595 1256 3651 et
1277 3591 1353 3652 loeo.

514 3781 631 3860 index
659 3776 817 3858 dotalitii
846 3772 1093 3880 Margarithae
1121 3773 1167 3851 de
1194 3772 1383 3853 Sabaudia
1410 3771 1622 3852 comitissae
1649 3773 1697 3853 de
1716 3773 1899 3876 Kyborch.

596 3951 634 4011 E.
659 3950 696 4009 R.
721 3949 795 4010 Tob.
820 3947 1014 4008 Toiirinensi.
1039 3947 1344 4016 Wooswiseeoen,
1370 3945 1457 4005 Petri?
1479 3945 1532 4016 ΙΙ,
1549 3946 1635 4006 Hist.
1660 3945 1867 4009 Probaiiooee,
1888 3963 1928 4020 pa·

519 4049 592 4126 gina
612 4053 661 4120 80,
686 4047 763 4106 Doo.
788 4048 843 4104 143
866 4047 922 4119 o).

612 4441 704 4508 DCL.
734 4478 769 4488 -
797 4435 1100 4526 biburgense·
1127 4438 1171 4505 et
1197 4433 1469 4526 Margaritho
1496 4433 1547 4506 oo
1575 4435 1774 4508 Kiburoh.

1044 4632 1117 4694 Sine
1139 4651 1221 4693 anno
1242 4634 1271 4692 ei
1292 4632 1370 4693 looo.

511 4822 644 4905 Civitas
671 4817 842 4921 Frihurgi
870 4816 1021 4920 spondit
1047 4843 1086 4894 se
1114 4825 1363 4918 proiecturam
1389 4813 1465 4892 iore
1493 4813 1771 4918 Margaritham,
1787 4840 1925 4895 uxorem

433 4940 655 5026 Hartmenni
684 4937 850 5027 senioris
879 4940 918 5015 in
947 4934 1180 5037 possessione
1198 4933 1323 5036 quieta
1350 4931 1520 5012 omnium
1547 4933 1733 5014 bonorum
1752 4934 1784 5014 ei
1802 4962 1822 5012 a
1840 4933 1926 5012 dicto
1993 4974 1994 5002 i

433 5065 588 5154 comite,
616 5087 701 5140 oum
731 5083 916 5137 consensu
943 5054 1119 5156 patruelis
1148 5053 1205 5133 sui
1238 5054 1461 5132 Hortinooni
1490 5053 1666 5146 iunioris,
1694 5053 1843 5132 nomine
1869 5053 1924 5130 do·

435 5181 541 5263 talitii
569 5179 789 5260 collatorum
818 5187 855 5255 et
881 5173 1160 5277 promissorum.

592 5350 703 5432 (ER.
732 5348 809 5411 Tab.
842 5345 1036 5408 Taurinensi.
1065 5343 1379 5418 Wonsieneeeoee,
1404 5343 1491 5404 Petri
1516 5343 1576 5418 II,
1607 5343 1692 5406 Hos.
1722 5345 1920 5406 Promeae.

511 5468 583 5532 pag.
605 5451 655 5525 81,
678 5448 757 5510 Doo.
781 5447 883 5526 1486).

1986 5773 1992 6174 i
