4198 6190
824 399 944 466 AYMO
1597 405 1641 469 39

1032 514 1291 524 ——-..--——-

131 639 351 747 Maginfredi
392 638 638 736 marchioniS,
680 651 717 719 et
744 651 826 743 post
866 639 1064 720 decessum
1091 641 1224 720 Bartae
1256 639 1486 736 comitissae,
1529 641 1643 721 donat

130 759 370 841 medietatem
399 758 510 839 cortis
538 759 677 862 positae
705 761 743 839 in
771 758 852 839 loco
879 759 1064 839 Volveria.
1093 762 1129 840 S.
1158 759 1333 866 Sigisredi
1360 759 1567 863 presbiteri.

204 879 400 960 Johannes
428 884 594 959 notarius
623 880 659 959 S.
686 875 821 959 Palatii
848 878 1006 981 scripsit.

289 1033 331 1114 (E
353 1033 392 1096 R.
416 1033 492 1096 Tab.
516 1032 712 1107 Taurinam,
729 1032 817 1096 Gom.
836 1033 943 1112 Oomp.
966 1033 1110 1096 Abbcziu
1125 1033 1159 1098 0.
1181 1035 1290 1098 diruto
1304 1033 1339 1096 di
1359 1033 1453 1097 Suro.
1477 1035 1550 1097 Fas.
1565 1033 1593 1107 1,
1606 1033 1646 1108 Α,

209 1150 241 1190 n.
264 1135 294 1191 8.
319 1131 363 1191 M.
380 1129 425 1192 Η.
442 1129 480 1191 P.
503 1129 610 1192 Ohsrt.
633 1128 662 1201 1,
685 1128 743 1190 col.
767 1131 849 1209 512).

457 1423 537 1487 dxl.
567 1460 616 1470 —
644 1415 883 1511 Sigifrodur
910 1421 1044 1506 presb.
1074 1420 1316 1491 villanova.

845 1601 931 1660 1037.

205 1779 411 1884 Sigifredus
438 1779 621 1884 presbiter
650 1780 725 1884 tq.
746 1779 875 1886 Algisi,
897 1784 978 1888 lega
999 1781 1125 1861 vivens
1149 1781 1483 1886 Langobardorum
1512 1808 1555 1860 ex
1582 1809 1645 1860 na·

128 1899 231 1977 tione
258 1927 336 1994 sua,
364 1897 469 1978 altari
498 1899 533 1978 S.
563 1899 765 1990 Trinitatis,
780 1901 818 1980 in
847 1901 1003 1982 ecclesia
1033 1903 1067 1981 S.
1087 1900 1274 1981 Jobannis
1304 1899 1554 1989 Taurinensis,
1580 1897 1643 1978 ubi

126 2045 262 2119 corpus
289 2017 401 2099 Olrici
429 2017 652 2124 Maginfredi
681 2019 909 2102 marcirionis
938 2019 1149 2122 requiescit,
1177 2017 1303 2111 donat,
1340 2033 1422 2122 post
1448 2020 1643 2100 decessum

127 2137 261 2216 Rertae
284 2137 497 2218 comitissae
529 2136 681 2217 relictae
716 2139 823 2220 istius
852 2139 966 2221 Olrici
991 2139 1227 2245 Magini'redi,
1260 2138 1504 2219 medietatem
1531 2138 1643 2219 cortis

127 2257 166 2335 in
196 2255 278 2335 loco
305 2257 511 2348 leannvn,
539 2285 626 2337 oum
646 2257 752 2358 casis,
772 2257 959 2364 cappellis,
977 2257 1241 2352 sediminibus,
1260 2269 1297 2337 et
1324 2259 1397 2339 hoc
1424 2285 1488 2361 pro
1515 2257 1642 2338 anima

126 2400 210 2471 sua,
239 2388 277 2456 et
302 2375 337 2454 b.
365 2404 415 2455 m.
455 2374 571 2457 Alrici
615 2378 796 2482 episcopi,
833 2379 957 2459 Oberti
987 2392 1024 2458 et
1059 2378 1173 2459 Olrici
1201 2377 1421 2481 Maginfredi
1448 2389 1486 2457 et
1510 2377 1644 2459 Bartae

126 2493 355 2576 comitissae.
754 2499 757 2506 ’

205 2614 242 2694 S.
270 2615 474 2712 Lamberti,
501 2617 668 2708 Deodati,
697 2618 882 2710 Giolandi,
910 2618 1045 2699 Gisulfr
1073 2634 1111 2699 et
1138 2619 1320 2700 Andreae.

206 2735 403 2815 Secundus
432 2737 598 2816 notarius
626 2748 664 2816 et
686 2738 803 2840 judex
830 2740 865 2818 S.
896 2737 1026 2817 Palatii
1054 2738 1206 2842 scripsit
1233 2754 1271 2818 et
1298 2737 1403 2818 dedit
1430 2738 1467 2816 in
1495 2763 1589 2816 orso.

290 2889 336 2967 (E
359 2889 435 2952 Tab.
460 2891 562 2970 Gapit.
587 2891 643 2954 88.
668 2891 829 2952 Trinitatis
852 2890 1065 2953 Taurineusis.
1092 2893 1140 2953 M.
1157 2892 1201 2953 Η.
1219 2893 1256 2952 Ρ.
1281 2891 1388 2954 Obart.
1411 2891 1457 2963 ΙΙ,
1479 2891 1538 2952 col.
1563 2891 1644 2956 116).

440 3185 540 3252 oxu.
559 3223 609 3236 -
634 3184 767 3254 Bar-ta
794 3202 938 3255 socrus
965 3182 1187 3256 floriniani
1215 3179 1344 3252 ducta.

846 3365 934 3425 1087.

211 3574 229 3616 u
258 3542 548 3624 Mediolanensis
586 3543 746 3648 archiep.
776 3544 1101 3626 consentientibus
1128 3545 1248 3625 tribus
1283 3543 1465 3648 episcopis
1493 3540 1646 3621 Vercel-

123 3663 256 3754 lensiS,
289 3663 553 3745 Cremonensis
581 3675 619 3743 et
652 3663 901 3761 Placentinis,
932 3664 1057 3745 missis
1094 3665 1190 3746 clam
1226 3662 1387 3759 nuntiis,
1416 3689 1501 3742 cum
1537 3687 1646 3764 saepe

124 3781 239 3861 dictis
266 3783 401 3863 Ottone
428 3783 667 3889 burgundiae
695 3782 841 3863 tiranno
870 3784 1134 3887 pacificantur,
1169 3783 1357 3886 quomodo
1391 3781 1469 3885 ipse
1504 3781 1542 3861 in
1576 3782 1646 3860 Ro·

126 3928 286 3980 manum
316 3900 515 4004 imperium
521 3960 628 3980 .....
645 3901 911 3983 introducatur.
931 3903 1036 3998 Quod
1065 3903 1142 4006 ipse
1168 3901 1331 3983 libenter
1357 3899 1526 3994 audiens,
1544 3899 1645 3980 diem

123 4019 329 4122 lormmque
364 4021 599 4118 determinat,
640 4051 715 4125 quo
749 4049 873 4101 coram
912 4023 1083 4103 omnium
1121 4021 1231 4128 legati
1269 4017 1513 4131 convenirent
1523 4079 1631 4096 .....

124 4141 285 4219 lntarea.
303 4201 310 4215 .
329 4201 335 4215 .
353 4140 536 4242 quaedam
556 4141 849 4235 fidelisdomna,
883 4169 1010 4221 socrus
1036 4140 1178 4220 scilicet
1213 4139 1408 4220 Herimani
1436 4129 1643 4221 Suevorum

121 4258 243 4350 ducis,
262 4258 301 4338 in
321 4259 484 4339 hiisdem
512 4259 654 4340 finibus
680 4287 931 4356 commorans,
952 4261 1161 4368 legatorum
1188 4272 1415 4340 conventum
1434 4259 1593 4341 rescivit.
1611 4319 1645 4336 ..

121 4405 261 4458 omnes
288 4377 400 4458 simul
428 4379 729 4483 comprehensos.
747 4438 780 4455 ..
810 4378 1037 4484 imperatori.
1055 4439 1088 4456 ..
1122 4378 1331 4458 transmisit
1357 4409 1391 4453 n.

286 4532 383 4612 (Anu.
407 4533 499 4594 Saxo.
523 4535 609 4595 1007.
634 4533 755 4606 Pnnrz,
780 4535 826 4595 M.
854 4533 891 4597 θ.
915 4533 960 4594 Η.
985 4533 1101 4611 Script.
1124 4531 1181 4606 VI,
1203 4551 1234 4612 p.
1258 4533 1394 4611 coo-81).

420 4826 539 4892 extu.
569 4867 604 4876 --
631 4824 770 4914 Aymo
798 4824 849 4895 (1ο
878 4825 1099 4896 sabaudia
1127 4824 1219 4896 Sed.
1250 4823 1351 4911 apis.

704 5006 792 5079 1007,
816 5007 898 5068 ild.
923 5007 1076 5068 Octobris.

202 5184 406 5287 Episcopus
443 5185 675 5266 Sedunensis
706 5187 827 5289 Aymo
868 5200 905 5268 et
944 5187 1060 5268 obbas
1088 5190 1125 5268 S.
1156 5187 1320 5270 Mauritii
1354 5199 1572 5268 recensetur
1604 5186 1643 5266 in

118 5305 255 5384 charta
283 5303 501 5408 Leodegarii
529 5303 796 5408 archiepiscopi
826 5307 1055 5388 Viennensis
1082 5335 1147 5410 pro
1178 5307 1376 5390 Romanesi
1406 5305 1641 5386 monasterio.

287 5457 426 5536 (011111
450 5459 662 5531 Oumsrmnr,
686 5459 773 5520 Tum.
802 5461 875 5533 XII,
898 5481 967 5539 pag.
991 5463 1061 5533 710,
1085 5465 1115 5522 at
1137 5461 1224 5522 Tom.
1248 5461 1306 5534 VI,
1332 5461 1410 5520 Doo.
1433 5463 1494 5540 21).
