4070 6186
97 628 253 708 alterurn
273 626 435 708 insulana
464 626 529 707 ubi
549 627 810 708 molendinum
829 643 900 717 est,
927 641 965 707 et
985 627 1081 731 ripas
1110 627 1280 708 ssunrinis
1299 626 1436 707 Duriae
1466 624 1556 705 hinc
1575 637 1614 702 et

97 747 185 826 inde
212 748 258 827 ab
286 773 379 848 aqrra
416 747 532 825 rubea
566 747 761 849 usquead
793 760 935 850 petrarn
971 747 1209 850 peccolatenr.
1246 747 1448 826 Urnbertns
1485 771 1613 825 cornes

101 897 150 946 nr.
179 895 211 970 p.
240 867 376 945 firmat.
403 868 500 947 Boso
528 864 736 946 vicecomes
765 867 893 947 landet
919 877 957 946 et
983 867 1145 946 affirmat
1172 864 1427 946 donationem.

174 987 304 1066 Testes
331 985 485 1064 luerunt
515 985 722 1065 Everardns
756 985 803 1066 da
834 987 974 1082 Bardo,
1005 985 1233 1066 Vuillelnrns
1260 983 1306 1065 de
1334 995 1464 1064 rncnte
1490 979 1610 1077 loris,

95 1107 228 1184 Petrus
257 1105 302 1184 de
329 1105 439 1204 Porta
468 1105 504 1184 S.
535 1102 629 1192 Ursi,
658 1104 861 1184 Urnbertns
888 1105 934 1184 tle
963 1103 1116 1184 Bozozel
1145 1118 1181 1182 et
1208 1103 1270 1182 alii
1301 1101 1420 1182 nrulti.

257 1259 297 1339 (E
325 1258 402 1320 ch.
436 1257 663 1326 Ocnonicorurn
687 1257 897 1320 Verrensium.
929 1260 976 1322 lt.
999 1259 1043 1320 H.
1065 1260 1105 1320 Ρ.
1128 1259 1235 1320 Obart.
1259 1259 1293 1332 Ι,
1316 1257 1374 1318 col.
1398 1257 1480 1335 728).

356 1558 492 1624 ccxct.
521 1593 568 1604 —-
598 1554 823 1627 umbertus
848 1553 900 1622 11.
928 1551 1038 1623 Eccl.
1066 1547 1355 1623 Bollcevcllis.

545 1735 617 1796 Sine
637 1753 731 1796 anno.
755 1736 793 1795 In
815 1733 942 1795 ecclesis
963 1731 1172 1794 Bollscvsllis.

174 1915 325 1996 Notitia.
354 1915 605 2021 Designantnr
633 1913 883 2018 possessiones
905 1913 1090 1994 Ecclesiae
1119 1915 1153 1993 S.
1174 1910 1312 1992 Mariae
1339 1911 1465 1992 bellae
1494 1910 1614 2000 vallis,

96 2064 212 2139 super
244 2034 370 2114 villani
400 2037 611 2140 boggarrnn
639 2061 734 2136 quae
762 2034 871 2113 Scola
900 2047 1149 2135 nuncupetur,
1179 2059 1366 2136 qraernque
1386 2032 1613 2110 Nantelrnns

97 2157 154 2236 vir
174 2155 465 2250 illustrissimus,
495 2154 736 2234 laudantibus
764 2153 946 2234 Umberto
974 2151 1111 2232 comite
1139 2164 1177 2230 et
1202 2150 1374 2230 Vnidone
1402 2147 1612 2230 Geucvensi

98 2275 529 2380 episcopoconstruxit,
557 2287 596 2354 et
622 2271 763 2354 dotavit
781 2273 819 2354 in
846 2273 982 2352 allodio
1010 2272 1110 2375 quod
1131 2272 1236 2352 ‹ledit
1254 2298 1380 2352 cornes
1401 2269 1615 2349 Umbertns.

98 2393 248 2475 Nobilis
274 2421 400 2474 cernes
427 2393 629 2474 Urnbertns
656 2393 771 2472 donet
789 2391 911 2471 cidem
933 2391 1111 2471 ecclesiae
1132 2389 1344 2492 piscationis
1367 2417 1484 2468 unnrn
1514 2389 1615 2467 diem

99 2512 210 2594 omni
236 2514 442 2618 septimana
473 2513 508 2591 in
542 2512 624 2590 lacn
661 2513 864 2606 Arvorum,
893 2539 979 2590 curn
1017 2510 1188 2590 facultate
1223 2508 1421 2610 pascuandi
1458 2505 1497 2586 in
1524 2505 1617 2585 silva

100 2660 217 2736 super
242 2631 381 2722 Voltas,
408 2632 556 2735 aliaque
584 2630 776 2734 privilegia
804 2631 987 2710 concedit.
1400 2631 1401 2636 ’

178 2750 299 2831 Huius
326 2753 378 2831 rei
408 2763 522 2830 testes
551 2753 702 2830 l'nernnt
730 2751 825 2829 Boso
859 2747 1095 2828 Taranlensis
1131 2746 1431 2851 archiepiscopus
1459 2758 1497 2825 et
1523 2747 1619 2826 Boso

101 2871 300 2974 episcopus
328 2870 585 2974 augustensis.

266 3023 362 3100 (ER.
380 3023 455 3084 ch.
473 3024 669 3096 Tcurinensi,
688 3025 775 3086 Cam.
793 3024 889 3101 Gornp
919 3022 1101 3084 §sabaudiae
1121 3023 1329 3092 limentinos,
1345 3021 1479 3082 Pronoea
1505 3039 1534 3098 p.
1559 3021 1620 3094 25).

387 3318 538 3383 ccxttt.
562 3329 609 3364 —'-
630 3314 854 3386 umbertus
882 3316 924 3385 11
950 3313 1056 3384 Aba.
1085 3312 1343 3400 Alpinonsis.

623 3495 699 3556 Sine
729 3513 811 3554 anno
838 3497 868 3555 et
896 3495 1110 3574 loco(109l?5

183 3677 427 3770 Hurnbertus,
446 3703 572 3755 cornes
600 3674 840 3754 Mauriennae
869 3688 905 3753 et
934 3672 1101 3753 rr'rarchio
1122 3673 1159 3754 in
1181 3673 1298 3769 Italia,
1324 3673 1472 3760 Villoni
1502 3671 1623 3775 prinae

101 3794 324 3902 Alpinensis
352 3795 523 3875 coenobii
551 3795 692 3888 abbati,
719 3795 833 3873 donat
861 3793 1043 3874 allodinrn
1071 3822 1202 3886 suuni,
1231 3793 1268 3873 in
1297 3821 1371 3896 quc
1399 3792 1625 3872 coenobium

101 3916 310 3997 fundatum
345 3929 440 4006 eret,
475 3914 730 3994 annuentibus
765 3913 919 3994 Girardo
947 3912 1154 4019 Allingensi
1183 3927 1221 3992 et
1248 3912 1408 3993 Gillione
1437 3912 1483 3991 de
1510 3913 1625 3990 Boro-

100 4065 180 4130 rea‚
202 4033 366 4115 dorninis
390 4035 507 4127 lundi,
527 4034 590 4138 qni
607 4041 704 4135 jacet
733 4033 770 4112 in
791 4061 883 4138 pago
904 4033 1145 4113 (tabennensi
1166 4045 1204 4111 et
1222 4031 1261 4113 in
1282 4032 1375 4112 valle
1395 4032 1491 4134 Alps.
1511 4033 1617 4112 Prae·

105 4171 213 4235 terea
239 4155 357 4236 donat
383 4155 589 4259 quamdam
617 4152 829 4233 valliculam
860 4152 1032 4232 vicinam.

180 4275 329 4354 Testes:
358 4275 454 4355 Raso
482 4273 730 4372 Angustensis
758 4272 970 4376 episcopus,
999 4273 1178 4352 Girardns
1206 4271 1452 4378 lllrngieusis,
1482 4271 1624 4352 ltodnl·

101 4395 206 4497 plrus
234 4395 279 4473 de
309 4394 532 4487 Folciniaco‚
560 4393 734 4475 Ulrlricus
762 4420 888 4472 carnes
916 4404 984 4471 etc.

268 4545 314 4625 (Ε
342 4546 417 4607 st.
448 4547 533 4608 Mon.
564 4546 752 4626 Alpincnsis.
784 4546 1002 4618 Gurcucnon,
1028 4546 1186 4617 l’rccrca,
1218 4565 1289 4625 pag.
1310 4549 1367 4618 lt,
1391 4545 1445 4624 qui
1467 4564 1531 4606 non
1553 4545 1627 4606 benc
1704 4617 1710 4629 ι

187 4643 387 4706 donationem
410 4644 519 4705 tribuit
547 4645 692 4706 Umberto
721 4646 788 4722 ru).

260 4935 432 5002 CCXLlIl.
453 4974 501 4984 —
520 4934 743 5006 umbertus
770 4938 813 5005 11
840 4941 1116 5025 cognomento
1143 4933 1473 5007 Relnlorclatus.
1518 4995 1522 5002 .

645 5107 648 5114 ’
695 5116 768 5176 Sino
797 5137 880 5177 anno
908 5121 937 5176 cl
965 5115 1042 5176 loco.
1071 5155 1072 5160 κ

183 5295 333 5375 Notitia.
363 5295 549 5376 Ecclesiae
578 5299 614 5375 B,
645 5297 911 5398 Syrnpbnriani
939 5299 1111 5400 martyris
1141 5299 1176 5376 in
1206 5299 1428 5400 montequi
1457 5295 1628 5377 lninrons

102 5413 315 5520 appellatur
347 5427 600 5509 constructae,
635 5433 672 5494 ct
700 5417 928 5496 monasterio
962 5417 1197 5497 Clunieccnsi
1234 5417 1439 5496 Urnbertns
1470 5414 1624 5496 nobilis·
