4050 6188
432 371 680 438 Maenadum
708 370 955 439 HOMINIBUS
984 367 1210 438 PINAROLll
1501 373 1570 434 245

83 607 221 689 tinendo
254 621 382 690 temen
409 609 447 690 in
475 637 516 690 se
547 608 788 690 medietatem
824 609 1043 703 furnorum,
1070 607 1377 692 molendinorum
1410 621 1447 692 et
1473 610 1573 715 quod

83 731 185 831 possit
210 755 346 832 ponere
373 729 542 812 bannum
569 729 655 826 illis,
674 729 737 834 qui
765 742 896 809 tenent
922 728 969 809 ah
996 728 1089 831 ipso,
1109 728 1156 807 ed
1183 731 1476 833 recuperandum
1504 758 1573 811 sue

81 848 193 928 debita
220 860 331 952 atque
356 849 455 929 ficto.

147 969 237 1048 ltem
263 969 454 1048 Amedeus
480 995 620 1066 comes,
641 969 687 1050 de
706 969 898 1049 voluntate
917 982 954 1048 et
972 997 1157 1053 consensu
1179 970 1300 1051 fratris
1327 971 1385 1052 sni
1406 971 1572 1052 Thomee

80 1086 215 1167 comitis
242 1087 437 1167 Flendriae
466 1099 503 1166 et
528 1089 704 1184 Hainaut‚
731 1087 835 1168 dedit
861 1088 988 1168 abbati
1006 1103 1044 1169 et
1061 1089 1303 1185 monasterio,
1330 1089 1431 1193 quod
1459 1091 1574 1194 possit

79 1205 271 1287 hoscheere
299 1209 338 1285 in
367 1205 587 1287 nemoribus
614 1206 811 1296 Miradolii‚
830 1206 894 1286 ubi
914 1208 1089 1288 homines
1108 1208 1197 1288 dicti
1217 1208 1288 1289 loci
1307 1209 1574 1289 boscheahant.

79 1327 164 1404 ltem
191 1324 388 1419 concessit,
406 1337 447 1404 ut
465 1353 597 1406 omnes
619 1326 762 1407 bestiae
781 1325 938 1406 bovinae
957 1328 1175 1408 monasterii
1194 1327 1357 1407 habeant
1375 1327 1574 1408 transitum

75 1471 137 1546 per
163 1454 279 1524 totum
307 1444 526 1524 comitatum
555 1445 635 1524 sine
661 1443 783 1547 eliqua
811 1445 1001 1526 exactione
1033 1445 1197 1552 pedagii,
1224 1460 1262 1526 et
1287 1446 1407 1526 dictae
1434 1445 1576 1527 hestiae

75 1562 226 1643 bovinae
253 1563 420 1643 habeant
446 1564 681 1665 poncherium
707 1591 773 1667 per
807 1577 927 1644 totum
949 1565 1182 1645 comitatum.
1203 1566 1295 1646 Item
1317 1592 1442 1647 comes
1468 1565 1577 1646 faciet

71 1688 192 1782 jurare
218 1682 394 1762 homines
421 1682 598 1764 Pinarolii
628 1683 816 1787 praedicto
847 1682 973 1765 abbati
1009 1686 1151 1765 salvare
1179 1684 1306 1764 omnia
1327 1691 1412 1786 jura
1446 1713 1579 1764 mune-

74 1803 184 1882 sterii.
211 1803 306 1882 Item
335 1801 530 1884 Amedeus
551 1829 687 1891 comes,
728 1802 775 1882 de
802 1803 993 1884 voluntate
1024 1804 1145 1885 fratris
1171 1804 1229 1884 sui
1266 1803 1445 1902 Thomee,
1474 1804 1579 1885 dedit

73 1921 206 2001 solidos
232 1934 384 2001 centum
412 1934 449 2002 et
475 1921 641 2024 quinque
669 1922 928 2002 secusinurum
958 1950 1158 2018 novorum,
1178 1951 1270 2028 quos
1289 1923 1431 2004 dabant
1456 1923 1575 2002 homi·

74 2068 138 2119 nes
164 2040 382 2120 monasterii
410 2041 456 2120 de
482 2040 600 2140 Valle,
620 2041 773 2121 nomine
793 2041 1026 2136 monimenti,
1048 2041 1173 2122 abbati
1194 2056 1231 2122 et
1248 2043 1477 2122 monasterio
1496 2043 1577 2122 isto.

72 2159 163 2238 lude
189 2157 292 2260 plura
319 2159 541 2240 intromonte
566 2160 649 2239 fieri
678 2175 945 2263 praeceperunt
972 2161 1019 2240 ad
1047 2161 1247 2242 consilium
1273 2161 1405 2242 Jacobi
1433 2161 1577 2242 abbatis

71 2277 248 2358 Securiae
275 2291 314 2358 et
340 2279 482 2358 Viberti
510 2278 702 2358 castellani
729 2277 934 2359 Avillianae
961 2279 1103 2360 ibidem
1131 2280 1397 2383 praesentium.

147 2398 295 2476 Testes:
324 2396 506 2478 Dominus
533 2397 649 2479 Gallie
676 2397 722 2477 de
749 2399 925 2492 Gorzano‚
953 2398 1130 2478 dominus
1157 2399 1317 2480 Rufinus
1343 2406 1423 2501 ejus
1450 2399 1573 2494 frater,

70 2514 190 2620 Guigo
218 2515 264 2595 de
291 2515 482 2614 Maisini0,
507 2516 670 2596 ι1222222
698 2515 757 2596 de·
778 2517 954 2609 Tortona,
983 2517 1214 2598 Vulliermus
1239 2517 1481 2614 Bonivardus,
1511 2519 1575 2598 Pa·

71 2646 202 2714 tronus
230 2635 277 2714 de
305 2636 471 2715 Lucerna
499 2633 637 2715 etalii.

145 2752 305 2832 Beretus
332 2753 499 2832 notarius
527 2753 684 2856 scripsit.

230 2924 271 3003 (E
294 2924 332 2982 R.
355 2923 433 2986 Tab.
456 2923 653 2996 Teurinenei,
680 2924 839 2997 Castoris,
864 2927 932 3000 222,
962 2926 1015 2986 tol.
1039 2929 1087 2986 92.
1113 2926 1322 3006 [transcripsit
1347 2926 1444 2988 Pnrn.
1467 2927 1574 2992 Bane-

150 3023 286 3097 onnus).

295 3431 501 3500 ucxcvssl.
531 3469 565 3478 -
595 3427 843 3501 standarum
870 3429 1106 3503 hominibus
1130 3429 1350 3503 Pinarolii.

398 3644 484 3717 1248,
507 3643 555 3704 die
575 3644 700 3706 Veneris
720 3641 853 3708 secondo
873 3647 999 3706 exeunte
1022 3643 1111 3704 Febr.
1135 3643 1205 3703 Ind.
1230 3661 1252 3702 1.

484 3777 523 3836 In
543 3775 669 3838 ecclesia
690 3775 722 3838 S.
747 3749 867 3836 Niooloi
888 3774 923 3836 ds
946 3773 1168 3836 Oumbcviene.

138 3971 310 4052 Albanus
336 3971 452 4051 abhas
481 3971 694 4053 monasterii
724 3971 901 4052 Pinarolii
929 3984 1061 4052 notum
1089 3971 1176 4058 facit
1204 3970 1387 4050 universis
1416 3971 1578 4053 homini·

55 4094 137 4174 hus
166 4090 359 4188 Pinarolii‚
388 4092 497 4194 quud,
524 4119 708 4172 consensu
736 4103 774 4170 et
799 4091 991 4171 voluntete
1018 4103 1223 4170 conventus
1251 4089 1423 4192 jamdicti
1451 4119 1578 4171 mona-

50 4211 181 4302 sterii,
209 4210 313 4291 dedit
339 4223 376 4292 et
403 4212 588 4315 concessit
613 4211 788 4291 Amcdeo·
807 4209 936 4304 comiti
962 4209 1172 4290 Sabaudiae
1199 4208 1424 4290 fidelitatem
1452 4223 1490 4290 et
1515 4210 1580 4289 ho·

53 4330 195 4436 magia
234 4329 406 4411 omnium
446 4331 645 4411 hominurn
673 4329 870 4424 Pinarolii‚
899 4327 962 4431 qni
1000 4329 1071 4408 sibi
1112 4328 1294 4409 fidelitate
1328 4339 1367 4406 et
1405 4327 1580 4433 homagio

51 4450 306 4545 tenebantur,
326 4463 363 4529 et
389 4449 487 4529 sicut
505 4449 739 4528 tenebantur.
766 4448 949 4549 Praecipit
975 4447 1130 4536 eisdem,
1150 4459 1193 4527 ut
1219 4447 1318 4528 dioto
1337 4447 1490 4527 domino
1518 4475 1578 4528 co·

50 4569 150 4649 miti
179 4568 237 4648 vel
263 4571 490 4673 cuicumque
513 4569 678 4670 jusserit,
707 4565 932 4646 fidelitatem
960 4565 1087 4672 ligiam
1115 4566 1261 4660 faciant,
1289 4578 1326 4646 et
1353 4567 1421 4668 ipsi
1449 4567 1579 4646 comiti

53 4704 269 4790 tamquam
295 4715 363 4768 suo
389 4687 544 4768 domino
571 4687 733 4767 debeant
759 4684 804 4765 de
832 4698 955 4764 cetero
978 4687 1016 4764 in
1045 4686 1224 4766 omnibus
1252 4684 1416 4765 obedire.

144 4807 297 4886 Testes:
324 4806 488 4887 lacobus
516 4806 631 4886 abbas
657 4804 851 4898 Secuxiae,
878 4805 1055 4884 dominus
1075 4803 1188 4886 Callia
1215 4804 1263 4884 de
1291 4804 1474 4899 Gorznnn,
1505 4805 1579 4884 Ru·

49 4929 171 5008 finus
201 4926 313 5005 irater
340 4932 430 5026 ejus,
458 4925 578 5029 Guigo
606 4924 652 5004 de
680 4923 863 5018 Maisini0,
889 4922 1052 5003 lacobus
1080 4924 1126 5002 de
1152 4925 1324 5019 Tonans,
1352 4922 1581 5002 Vulliermus

47 5045 329 5142 Bonivardus'
346 5044 507 5125 Ultortus
535 5042 759 5123 castellanus
788 5042 993 5123 Avillianae
1020 5041 1158 5123 etalii.

143 5165 309 5244 Bovatus
338 5163 505 5243 notarius
533 5161 690 5266 scripsit.

231 5333 274 5415 (Ε
297 5333 336 5394 Β.
360 5333 436 5396 Teb.
460 5333 657 5406 taurinensi,
676 5333 823 5395 Oarturto
838 5331 906 5406 222,
923 5331 978 5393 sol.
994 5331 1042 5391 92.
1062 5331 1270 5410 Transcripsit
1289 5331 1468 5394 Petarenos
1482 5333 1582 5396 Sana-

147 5437 279 5512 curus).
