4050 6188
528 364 736 433 uuehsela
761 365 817 430 Do
846 359 1082 429 AVILLIANA

350 818 504 890 ODXCV.
536 857 570 866 -
598 817 752 888 Petrus
779 814 829 888 tls
858 813 1077 888 Scbcudic
1103 815 1240 889 testis.

505 1015 592 1086 1226,
615 1014 652 1074 24
675 1011 867 1076 Novembris.
890 1013 1090 1078 Lousonnae.

116 1215 327 1317 Capitulum
348 1215 617 1293 Lausannense
637 1213 1069 1294 excommunicationem
1091 1213 1311 1317 pronuntiat
1334 1214 1370 1294 in
1393 1227 1560 1316 raptores

45 1347 79 1413 et
104 1333 407 1414 damnificatores
433 1333 622 1413 honorum
649 1360 817 1412 suorum.
845 1335 972 1413 Testes
999 1347 1089 1414 sunt
1116 1333 1248 1438 viginti
1275 1333 1350 1414 duo
1378 1331 1563 1422 canonici,

46 1454 136 1534 inter
162 1482 257 1558 quos
284 1454 450 1534 Thomas
478 1465 515 1534 ct
542 1454 675 1534 Petrus
701 1451 748 1532 de
776 1455 974 1535 Sabaudia.

199 1623 242 1704 (E
262 1622 404 1686 chartul.
426 1623 643 1688 Iraussnueusi
664 1624 746 1688 edito
767 1624 965 1696 Lausunuae,
988 1643 1060 1704 pag.
1085 1625 1168 1702 588).

266 2037 438 2104 ODXOVI.
467 2074 503 2084 -
532 2032 713 2104 Thomas
741 2035 785 2105 et
811 2034 964 2106 Petrus
992 2032 1044 2106 dc
1072 2034 1169 2105 sab.
1198 2036 1342 2105 testas.

511 2249 599 2322 1226,
624 2251 660 2308 88
683 2246 873 2310 Novembris.
897 2247 1095 2313 Lausaunea.

119 2449 333 2554 Capitulum
361 2451 607 2529 Lusannense
633 2461 751 2528 ratam
781 2447 896 2528 hahet
923 2447 1180 2527 venditionem
1201 2415 1375 2528 casalisa
1400 2439 1565 2551 quodam
1651 2551 1656 2556 Ι

50 2599 113 2650 suo
140 2568 299 2650 homine
325 2568 417 2674 ligio
443 2567 591 2648 factam·
620 2569 750 2648 Testes
778 2580 867 2648 sunt
894 2566 1026 2672 viginti
1055 2567 1130 2647 duo
1149 2566 1331 2663 canonici,
1354 2567 1452 2647 inter
1472 2595 1566 2671 quos

51 2690 212 2770 Thomas
240 2701 277 2768 et
302 2689 435 2769 Petrus
463 2689 508 2768 de
536 2686 735 2768 Sabaudia.

207 2860 249 2942 (E
272 2860 415 2924 chartul.
438 2817 663 2934 hannocensi}
686 2859 767 2922 edito
788 2859 985 2934 Lousonna,
1008 2877 1081 2938 pag.
1103 2859 1187 2937 880).

471 3277 658 3347 ODXGVII.
690 3317 723 3326 —
753 3272 941 3345 rendum
967 3271 1155 3346 Bruoli.

765 3471 852 3533 1227.

120 3670 290 3750 Thomas
318 3697 443 3750 comes
471 3669 682 3749 Sabaudiae
710 3667 919 3748 Bortrando
947 3669 993 3746 de
1022 3667 1316 3746 Moutoureliano
1335 3665 1508 3746 concedit
1534 3667 1571 3744 in

51 3788 207 3870 seudum
237 3789 360 3869 locum
391 3789 552 3869 Bruxoli.

210 3961 264 4042 (Ε.
288 3961 326 4022 R.
350 3960 427 4024 Τὼ.
451 3961 649 4033 Taurinensi,
674 3961 767 4033 Stoa,
791 3961 900 4022 Mauro
921 3958 962 4033 V,
984 3959 1132 4032 Brutum,
1153 3977 1186 4019 u.
1211 3961 1253 4040 1).

259 4375 468 4444 cuxcvtss.
498 4415 531 4424 -
561 4372 755 4444 Ecclesia
784 4376 822 4447 S.
852 4373 1033 4446 Martini
1062 4375 1106 4445 ln
1134 4375 1370 4448 Avillicnc.
1439 4347 1445 4358 i

355 4587 443 4660 1227,
466 4588 485 4648 8
507 4586 679 4649 Februarii.
703 4587 773 4648 Iud.
798 4607 862 4650 xru
887 4589 964 4669 (log.
989 4597 1061 4669 xv).
1085 4591 1274 4654 Avilliencc.

122 4787 292 4867 Thomas
320 4813 447 4866 comes
475 4788 776 4870 Mauriennensis
804 4803 842 4869 et
869 4791 907 4870 in
944 4791 1053 4872 ltalia
1083 4793 1250 4872 marchio
1279 4792 1440 4897 Goigoni
1470 4819 1579 4898 prae-

49 4903 168 5004 posito
200 4905 361 4985 Ulcicnsi
391 4905 586 4986 ecclesiam
617 4907 652 4986 S.
683 4909 833 4989 Martini
863 4910 900 4989 in
929 4911 1116 4991 Avilliana
1144 4913 1355 4992 confirmat.

118 5025 252 5103 Testes
294 5027 445 5105 fuerunt
488 5028 618 5106 Petrus
661 5029 891 5130 praepositus
932 5032 967 5110 S.
998 5031 1165 5126 Antonii,
1194 5031 1311 5111 David
1341 5032 1570 5114 castellanus

52 5144 273 5239 Avillianae
300 5147 431 5225 Petrus
460 5146 505 5225 ‹le
525 5147 678 5239 Touet0‚
709 5149 839 5228 Petrus
868 5150 914 5228 de
944 5151 1149 5231 Masclrotn.

125 5259 323 5344 Conradus
353 5267 442 5366 Imp.
471 5266 647 5345 Notarius
675 5267 832 5370 scripsit.

214 5434 256 5514 (8
279 5435 444 5497 Ghertcrio
467 5435 617 5510 Ulciensi‚
639 5437 717 5499 Doc.
745 5435 863 5513 XOIX,
885 5459 957 5519 pag.
980 5441 1044 5522 88).
