4070 6186
451 272 520 337 102
855 271 1052 342 nudasse
1081 274 1285 344 COMITUM
1313 275 1560 345 SABAUDIAE

523 640 740 710 ncnxxxn.
770 679 807 690 -
834 638 1049 712 Ancum
1075 642 1140 713 111
1168 645 1211 712 ct
1237 640 1446 712 Arbcrtus
1473 640 1575 728 epis.
1602 640 1863 713 Taurinum.

1030 838 1122 898 Anno
1145 839 1247 898 1138?
1269 839 1345 900 11³9
1355 841 1379 898 l.

519 1019 564 1097 A.
592 1045 719 1098 comes
747 1031 785 1098 et
816 1019 985 1101 marchio
1020 1019 1178 1115 litteris,
1204 1019 1342 1124 quibus
1378 1020 1488 1101 Petro
1516 1021 1760 1126 Lugdunensi
1797 1022 1919 1124 archiep.

444 1137 618 1240 sedisque
645 1138 868 1240 apostolicae
897 1138 1043 1244 legato,
1085 1138 1283 1220 ecclesiam
1320 1142 1358 1220 S.
1386 1140 1536 1244 Sulpitii
1577 1141 1834 1235 commendat,
1854 1141 1919 1220 haec

445 1257 636 1362 adjungit:

523 1408 543 1450 u
579 1377 699 1480 Super
740 1377 913 1480 episcopo
955 1378 1179 1458 Taurinensi
1214 1380 1415 1461 clamorem
1458 1408 1586 1462 meum
1631 1382 1675 1460 ad
1710 1408 1776 1461 vos
1816 1381 1922 1460 delerre

444 1495 660 1599 compellor,
688 1496 765 1599 qui,
793 1498 864 1578 snb
892 1497 1049 1577 obtentu
1077 1499 1289 1580 dilectionis
1317 1516 1354 1580 et
1380 1502 1497 1604 pacis,
1528 1500 1623 1580 mihi
1651 1500 1827 1603 perfidiae
1851 1507 1923 1601 jacu-

443 1613 522 1692 lum
553 1616 726 1719 nequiter
753 1616 911 1698 intorsit.
936 1650 953 1690 e

482 1851 484 1864 Ι
603 1770 730 1850 (Gallio
753 1770 946 1842 Christiano,
969 1767 1056 1830 dccl.
1079 1769 1270 1842 Bellicsusie‚
1294 1770 1384 1835 Tem.
1408 1770 1478 1844 XV,
1500 1790 1573 1851 pag.
1596 1773 1740 1850 649-50).

826 2081 1063 2150 cccxxxssr.
1093 2120 1128 2129 -
1156 2079 1298 2149 Leuce.
1332 2080 1376 2149 ot
1406 2078 1572 2150 Hatris..

716 2274 790 2337 Sine
810 2293 893 2336 cuno
915 2279 944 2336 et
965 2275 1031 2336 loco
1052 2275 1258 2354 (1138-11-12)
1278 2275 1370 2354 Apud
1392 2276 1538 2338 Gustum
1559 2273 1694 2337 Oollens.

519 2458 703 2538 Placitum
733 2484 857 2537 coram
878 2457 988 2537 Petro
1011 2457 1287 2539 Tarantasiensi
1310 2457 1472 2563 archiep.
1499 2458 1641 2538 Aroldo
1665 2451 1933 2538 Mauriaunensi.
1989 2504 1990 2514 κ

443 2579 653 2658 Humberto
681 2577 921 2681 Augustensi,
947 2577 1095 2656 loanne
1128 2576 1343 2672 Valentino,
1370 2576 1583 2657 Arducione
1612 2573 1852 2657 Gebennensi
1876 2570 1935 2674 epi·
1990 2580 1992 2662 fl

442 2697 574 2800 scopis.
602 2696 703 2777 Dixit
730 2695 892 2776 Garinus
919 2695 1151 2776 Seduneosis
1179 2696 1374 2800 episcopus
1403 2695 1509 2776 villas
1537 2697 1699 2776 Leucam
1728 2708 1767 2773 et
1794 2691 1935 2774 Natrian
1992 2735 1993 2744 κ

442 2817 490 2897 ab
523 2815 687 2897 Haurioo
715 2815 937 2917 imperatore
974 2813 1153 2895 ecclesiae
1185 2843 1275 2896 suae
1311 2816 1417 2896 datas
1445 2813 1576 2906 fuisse,
1604 2829 1715 2919 etque
1752 2814 1936 2894 Amedeun
1993 2812 1995 2904 ζ

442 2934 631 3026 comitem,
659 2934 724 3039 qui
752 2961 814 3014 cas
841 2933 913 3015 sibi
942 2933 1131 3014 vindicare
1159 2933 1320 3030 volebat,
1345 2933 1597 3038 jampridem
1626 2935 1751 3016 eidem
1780 2928 1939 3013 ccclesiae
1995 2967 1996 2976 r

438 3053 558 3135 libere
585 3053 668 3134 illas
683 3054 926 3158 possidendas
945 3054 1186 3152 concessisse,
1209 3054 1452 3136 laudantibus
1472 3053 1656 3134 fratribus.
1668 3051 1746 3134 suis
1764 3050 1939 3136 Reinaldo,
1996 3044 1997 3058 '

438 3175 657 3264 Humbertn
691 3174 914 3267 Guillermo,
941 3187 978 3253 et
996 3173 1202 3254 baronibus
1229 3177 1307 3254 suis
1328 3175 1529 3278 Rodulpho
1558 3175 1604 3254 de
1633 3172 1862 3268 Fulciniano,
1886 3171 1940 3249 Bo·

437 3322 528 3374 sooe
550 3295 596 3374 de
618 3293 801 3400 Alingio...
823 3294 870 3375 de
895 3293 1072 3374 Bloniaco
1100 3306 1137 3374 et
1164 3294 1295 3374 multis
1322 3294 1416 3375 aliis.
1445 3297 1598 3386 Comes,
1630 3293 1836 3395 inspirante
1870 3291 1941 3376 Deo,

438 3414 510 3495 hoc
542 3415 735 3503 confessus
769 3425 835 3494 est.
869 3414 989 3519 Igitur
1019 3414 1116 3494 duae
1148 3413 1257 3493 villae
1285 3415 1494 3518 praedictae
1521 3413 1754 3515 adjudicatae
1781 3422 1880 3491 sunt.

596 3568 638 3648 (E
659 3567 737 3631 ch.
761 3569 901 3631 Valeroe.
926 3569 1101 3642 carmon,
1125 3569 1313 3631 Documenta
1332 3569 1507 3648 remisso
1534 3567 1647 3630 l'Hc'ct.
1681 3568 1725 3629 dcc
1762 3566 1892 3635 Voltols,
1918 3561 1941 3632 I,

519 3685 589 3745 pag.
612 3667 664 3739 83,
686 3666 755 3728 doc.
779 3668 851 3744 128)

557 3974 786 4042 CCLXXXIV.
816 4012 852 4022 -
880 3969 1094 4042 madeus
1120 3973 1184 4043 111
1211 3978 1255 4044 et
1281 3971 1535 4064 Roynsldnc
1559 3969 1698 4045 frater
1726 3973 1828 4063 ojus.

817 4224 821 4233 ,
955 4168 1028 4230 Sine
1049 4188 1133 4231 anuo
1154 4174 1183 4230 et
1204 4171 1272 4232 loco
1293 4171 1435 4251 (11402).

509 4351 700 4431 Amedcus
727 4375 854 4430 comes
882 4362 919 4429 et
947 4351 1139 4446 marchio,
1156 4365 1193 4431 et
1220 4353 1332 4431 frater
1352 4359 1433 4452 ejus
1454 4352 1689 4454 Raynaldus,
1713 4351 1945 4432 laudantibus

433 4471 592 4551 Almone
621 4470 869 4558 vioe-comite,
898 4469 1148 4573 fratribusque
1175 4472 1253 4551 suis
1280 4472 1472 4560 deuterio,
1500 4471 1717 4569 Willieuco,
1745 4471 1947 4574 Aymerico,

433 4589 642 4694 ceterisque
669 4590 881 4693 provinciae
909 4589 1174 4693 optimatibus
1193 4604 1231 4670 et
1249 4604 1379 4694 rogatu
1405 4590 1507 4671 Petri
1525 4589 1792 4695 archiepiscopi
1820 4591 1947 4670 Taran-

435 4709 615 4799 tasiensis,
642 4709 771 4812 spoliis
798 4708 1073 4789 beneficiorum
1101 4707 1438 4790 ecclesiasticorum
1469 4709 1670 4790 renuntiat.

508 4830 655 4909 Testes:
688 4833 809 4930 Aymo
838 4827 884 4906 de
903 4827 1093 4918 Bersellis,
1124 4828 1278 4909 Pontius
1298 4829 1397 4930 prior
1415 4828 1724 4920 Tarantasiensis
1752 4829 1946 4909 Gontcrins

433 4948 735 5054 consanguineus
764 4955 856 5049 ejus,
887 4947 1019 5027 Petrus
1051 4945 1278 5043 Desiderius,
1309 4948 1513 5027 Anselmus
1545 4948 1591 5028 de
1627 4947 1887 5039 Bellacomhe,
1916 4959 1947 5024 et

437 5066 547 5148 multi
575 5067 650 5148 alii.

592 5191 746 5304 (Bressos,
769 5222 933 5284 lltmctres
949 5239 1034 5298 pour
1049 5221 1218 5283 l’Histoc're
1233 5223 1302 5284 eccl.
1319 5223 1372 5283 dee
1388 5222 1532 5284 Diocdscs
1547 5225 1584 5284 dc
1604 5223 1732 5297 decora
1754 5222 1946 5288 Taroctor'sn

516 5321 613 5383 Acuta
634 5329 662 5382 ct
685 5321 881 5392 Maurienna,
904 5319 1053 5392 Prcoces,
1076 5339 1107 5397 p.
1131 5320 1200 5392 852,
1224 5319 1292 5381 doc.
1320 5321 1380 5398 19).
