4070 6186
721 363 956 430 UMBERTUS
1552 365 1596 428 85

85 478 565 486 ----οσ-----

85 496 473 504 ————--—..

83 630 202 705 ueque
229 629 358 704 paoem
387 629 508 704 neque
536 629 708 706 guerram
739 628 859 704 neque
887 601 1005 680 tinem
1033 629 1118 681 eum
1148 601 1350 680 Bonet'aeio
1378 602 1597 681 marchione

80 722 192 800 debet
218 721 339 800 faeere
367 721 509 822 absque
537 720 693 800 oonsilio
720 735 758 797 et
785 721 973 800 uoluntate
1003 720 1220 800 detensium
1248 721 1458 800 consulum.

239 892 370 970 (Charta
385 892 501 971 passim
516 892 615 964 edita;
631 892 731 952 denuo
742 893 775 951 in
792 891 866 952 (iod.
883 892 1006 952 Aetensi
1021 891 1058 952 de
1073 891 1262 970 Malebayla,
1276 891 1357 952 Doo.
1372 911 1465 963 cxrr,
1482 913 1513 971 p.
1528 892 1597 950 747.
1638 884 1641 890 ’

161 989 199 1050 16
221 989 279 1049 boe
300 989 497 1062 documento,
513 987 595 1066 qnod
616 992 666 1069 (ut
686 989 748 1051 alie
762 989 920 1068 omittam)
934 1007 1032 1066 neque
1052 993 1165 1067 partes,
1181 1007 1279 1066 neque
1300 993 1390 1050 testea
1410 989 1600 1067 subscripse-

159 1089 251 1158 runt,
276 1103 374 1162 nequa
399 1086 540 1145 noterius
559 1084 698 1161 rogavit,
722 1104 784 1146 non
808 1085 907 1144 iatum
929 1084 1036 1145 foedus
1060 1103 1117 1146 nso
1138 1089 1229 1163 pasta
1255 1089 1407 1147 conventa
1430 1085 1597 1156 contineri,

163 1183 193 1244 id
206 1183 286 1243 mihi
307 1201 481 1243 assensuros
502 1202 564 1243 esse
585 1187 671 1260 puto,
695 1183 749 1260 qui
770 1181 890 1260 penitus
912 1182 948 1242 de
968 1201 1002 1242 eo
1024 1183 1197 1259 inquirant.
1222 1181 1376 1259 Equidem
1398 1182 1441 1241 sio
1462 1182 1603 1242 existimo

161 1279 301 1340 chartam
324 1279 469 1340 notitiam
489 1278 702 1338 conditionum
731 1280 857 1350 tradere,
882 1298 959 1356 quos
980 1281 1107 1339 Astenae
1131 1279 1299 1339 Commune
1316 1279 1486 1357 proposuit,
1514 1297 1603 1355 quae-

163 1395 220 1453 que
242 1375 405 1437 Umbertus
428 1377 460 1435 H
483 1376 621 1454 probare,
646 1396 712 1436 mou
735 1376 897 1446 sententia,
921 1376 1063 1452 nequiit).

309 1775 509 1842 CCXXXVI.
539 1815 586 1822 --
615 1771 839 1844 umbertus
865 1775 919 1844 11.
949 1773 1127 1843 monast.
1158 1773 1377 1846 Pinarolii.

181 1987 267 2058 1098,
290 1989 328 2045 29
351 1988 496 2048 Novemb.
522 1987 593 2048 Ind.
616 2007 662 2048 vr.
688 1989 719 2050 S.
739 1988 900 2066 Ambrogii
921 1989 953 2049 in
975 1988 1156 2050 monasterii
1179 1988 1349 2049 Giusiensis
1371 1990 1517 2050 elaustro.

165 2185 354 2278 Uubertus
382 2215 509 2268 eomes
538 2190 558 2265 t.
594 2217 626 2290 q.
657 2189 814 2268 Amadei
844 2189 906 2291 qui
936 2189 1131 2292 profitetur
1158 2189 1240 2293 iege
1278 2189 1397 2267 virere
1430 2217 1604 2284 romana,

86 2308 317 2387 monasterio
345 2308 379 2386 S.
408 2308 545 2386 Mariae
573 2309 609 2386 iu
630 2309 710 2388 loeo
732 2307 906 2387 Pinarolii
928 2309 1042 2387 (louet
1064 2310 1191 2387 omnia
1211 2335 1307 2410 quse
1332 2308 1447 2387 habet
1466 2308 1503 2387 iu
1524 2309 1605 2387 loco

86 2425 343 2520 FerrrreiadeS,
371 2455 456 2506 oum
485 2427 748 2521 sediminibus,
777 2427 908 2521 vineis
936 2427 1090 2530 eampis,
1111 2428 1234 2530 pratia,
1253 2440 1320 2507 eto.
1342 2428 1471 2506 usibus
1498 2457 1606 2529 aquu-

85 2572 189 2640 rum,
224 2573 481 2650 aquarumque
509 2546 730 2626 desursibus
759 2557 826 2624 ete.
857 2593 904 2604 -
932 2548 966 2626 S.
998 2547 1153 2627 Uuberti
1182 2546 1340 2627 comitis.
1380 2548 1415 2626 S.
1448 2547 1606 2626 Bosouis

86 2664 195 2744 Merli
224 2665 270 2744 de
298 2665 505 2769 Avigliamu,
534 2666 638 2745 Merli
668 2665 714 2746 de
743 2667 969 2753 Pleueiasoa,
998 2666 1164 2761 liedulfi,
1191 2667 1385 2760 Amelrisi,
1417 2681 1539 2745 testes.

167 2784 396 2864 Giselbertus
425 2785 591 2865 notarius
620 2788 655 2862 S.
684 2785 826 2865 Palatii.

249 2955 290 3030 (E
313 2953 390 3014 Tab.
415 2954 481 3015 biv.
505 2955 664 3014 Pinarolii.
687 2956 732 3016 Μ.
757 2956 801 3014 H.
827 2955 863 3014 P.
888 2954 996 3015 (thart.
1021 2956 1053 3026 I,
1078 2955 1137 3014 ool.
1164 2955 1232 3014 tae.
1260 2955 1434 3014 Beuuarsur
1459 2955 1604 3027 Jacobus,

170 3052 269 3112 Nozre
290 3053 325 3111 (16Ι
351 3051 490 3112 Uorborto
510 3069 525 3111 e
548 3053 743 3128 Morpteritu
766 3053 800 3112 m·
822 3053 950 3124 Samia,
976 3055 1077 3130 1868).

413 3447 631 3513 CCXXXVH.
661 3487 694 3495 —
724 3444 793 3515 Ad
819 3446 1065 3518 umbertum
1092 3445 1289 3517 eomitem

499 3567 542 3633 at
560 3563 846 3634 marohionem
868 3566 905 3635 S.
924 3565 1145 3636 Anselmna
1165 3566 1204 3635 S.

690 3765 762 3826 Sine
783 3785 866 3824 auno
887 3771 916 3824 et
938 3764 1016 3824 loco.

162 3963 365 4042 Auselmus
406 3961 684 4044 Ceutuarieusis
725 3964 1026 4066 archiepiscopus
1069 3962 1238 4042 Umberti
1274 3959 1424 4042 comitis
1464 3957 1605 4037 littores

85 4109 228 4185 magno
255 4082 391 4186 gaudio
417 4082 581 4185 suscepit
613 4113 629 4150 «
657 4084 824 4176 Quantus
852 4082 954 4161 euiru
983 4096 1039 4161 est
1067 4080 1161 4161 mihi
1190 4082 1309 4160 honor
1337 4078 1491 4182 (iuquit)
1519 4107 1606 4158 oum

85 4213 212 4279 vestre
240 4200 442 4294 Celsitudo,
460 4210 567 4304 eujus
586 4230 625 4281 se
645 4201 821 4282 homiues
849 4204 1013 4305 gaudent
1031 4229 1112 4281 esse
1135 4211 1306 4304 parentes
1327 4199 1412 4290 mei,
1431 4199 1609 4302 dignatur

85 4320 214 4400 dicere
244 4348 304 4399 me
331 4319 403 4400 sibi
431 4321 757 4427 consanguinitate
784 4321 968 4424 copularit
994 4325 1139 4400 Memor
1166 4319 1268 4399 euim
1298 4345 1360 4398 me
1390 4317 1611 4398 neutraliter

84 4467 106 4516 a
145 4441 466 4543 progenitoribus,
497 4452 537 4518 ut
566 4441 746 4534 Domino,
780 4441 884 4521 vobis
914 4440 1125 4520 debitorem
1154 4467 1260 4533 esse,
1292 4464 1487 4539 nunquam
1525 4465 1609 4539 pos-

85 4587 175 4637 smu
205 4561 308 4640 sordi
337 4589 422 4640 meo
452 4572 616 4640 vestrum
644 4588 811 4640 amorem
840 4562 981 4640 deesse.
1012 4561 1089 4638 Neo
1117 4588 1202 4638 sum
1230 4557 1383 4653 obiitne,
1411 4557 1496 4660 quia
1517 4585 1603 4635 oum

86 4680 250 4757 Romam
281 4678 489 4773 tenderem,
518 4679 682 4784 benigna
710 4691 829 4758 vestre
858 4678 1010 4782 largitas
1031 4678 1206 4784 Lugduni
1236 4691 1406 4781 prorupta
1443 4675 1511 4755 suit
1548 4703 1606 4753 me

85 4797 443 4898 conducerentque
472 4799 680 4878 neeessaria
708 4798 898 4902 quaelihet
916 4797 1133 4901 impendere
1155 4832 1185 4870 6.
1211 4795 1354 4876 Deinde
1384 4794 1609 4875 Umbertmu

86 4917 288 5010 comitem,
317 4929 357 4996 ut
376 4917 572 4997 eeclesiam
594 4929 753 5015 tueatur,
783 4947 858 4998 nou
892 4945 977 4997 vero
1005 4917 1079 4998 sibi
1106 4918 1146 4998 iu
1178 4914 1450 4996 haereditatem
1480 4915 1607 4994 dutum

85 5064 172 5115 esse
192 5049 306 5137 putet,
328 5035 516 5116 arimonet.
540 5038 795 5117 Revereudnm
817 5037 1011 5117 dominam
1031 5065 1150 5126 suem,
1171 5063 1328 5116 uxorem
1349 5033 1507 5127 semitis
1522 5060 1608 5113 oum

88 5155 195 5258 prole
221 5181 288 5234 sua
316 5155 452 5234 salutat
472 5189 505 5233 6.

251 5323 350 5404 (Epis.
369 5325 401 5386 S.
418 5325 555 5386 Ansslmi
571 5325 640 5386 Lib.
657 5325 720 5398 ΙΙΙ,
737 5326 796 5404 Ep.
813 5343 891 5386 axv.
910 5327 1050 5388 Lutetiae
1065 5325 1256 5388 Parisiorum
1277 5341 1440 5394 uocexxr,
1457 5341 1527 5401 pag.
1558 5325 1608 5384 39.

174 5423 299 5494 Misus,
315 5423 434 5484 Patrol.
457 5423 546 5484 Tom.
572 5423 673 5484 cmx
694 5425 726 5485 S.
750 5424 889 5486 Anselmi
912 5444 1001 5502 opera
1023 5425 1138 5497 omnia,
1161 5445 1231 5504 pag.
1257 5425 1340 5502 102).
