4198 6190
300 704 480 772 CXXVIII.
512 741 554 753 —
584 700 762 772 Adelsls
788 699 964 772 Eonrioi
991 699 1250 772 marchionis
1277 700 1443 772 ooniux.
1491 788 1492 791 Ἴ

470 902 558 974 1048,
582 901 619 960 28
641 900 730 962 Maii.
753 901 823 963 Ind.
848 919 896 960 xi.
920 901 959 960 In
980 904 1081 961 nestro
1104 899 1246 961 Taurini.

190 1082 374 1164 Henrieus
403 1082 571 1162 marchio
597 1083 620 1162 f.
650 1083 840 1184 quondam
858 1082 1038 1163 Vulielmi
1058 1079 1287 1162 marchionis
1315 1093 1353 1160 et
1380 1079 1547 1161 Adelene
1570 1107 1632 1158 eo·

112 1203 274 1292 mitissa,
302 1203 382 1282 filie
412 1203 606 1306 quondam
639 1202 777 1283 Oldriei
812 1201 1035 1305 Magnifredi
1071 1199 1322 1296 marchionis,
1352 1199 1515 1307 jugules,
1547 1199 1629 1305 lege

113 1323 280 1402 viventes
316 1321 448 1412 salice,
486 1349 551 1424 pro
586 1321 712 1400 anime
748 1347 816 1400 sue
849 1319 1074 1401 etelderici
1111 1318 1341 1401 marchionis
1373 1332 1411 1399 et
1443 1321 1627 1399 Bertenae

111 1442 327 1522 comitissae
354 1441 554 1544 genitricis,
583 1442 812 1520 monasterie
838 1441 874 1520 S.
901 1439 1125 1530 Anthonini.
1152 1440 1254 1543 quod
1282 1452 1339 1518 est
1365 1451 1625 1519 constructum

111 1563 151 1641 in
180 1560 275 1640 valle
303 1561 510 1654 Nobilensi‚
538 1562 681 1641 donant
709 1560 904 1640 eoelesiam
926 1561 964 1638 in
985 1560 1081 1639 velle
1102 1559 1261 1639 Seeuxie
1282 1559 1319 1637 in
1343 1559 1461 1664 burgo
1484 1559 1520 1638 S.
1539 1561 1631 1662 Aga·

111 1683 210 1762 thee.
238 1681 402 1762 Traditio
435 1683 480 1759 Iu
512 1707 575 1782 per
601 1681 820 1770 cultellum,
846 1680 1018 1760 fistucam
1049 1691 1116 1757 etc.
1146 1679 1182 1758 S.
1215 1679 1367 1758 Henriei
1404 1677 1633 1758 marchionis

112 1817 150 1880 et
179 1801 370 1881 Adaleiiee
397 1799 622 1880 comitissae.
923 1898 928 1906 1

177 1921 383 2004 Iohannes
412 1919 577 2000 noterius
605 1921 644 1999 S.
674 1917 805 1999 Palatii
834 1918 992 2022 scripsit.

272 2075 314 2154 (II
337 2073 375 2133 R.
399 2071 476 2135 Teb.
500 2073 701 2147 Teuriuensi,
725 2073 868 2134 Aebutia
893 2073 927 2132 di
952 2071 984 2132 S.
1014 2073 1139 2142 (linito,
1167 2071 1257 2134 Fesc.
1283 2073 1299 2130 1
1310 2117 1317 2144 ‚
1335 2093 1366 2132 11.
1391 2073 1418 2132 I.
1453 2073 1498 2134 M.
1523 2073 1567 2134 Η.
1593 2073 1631 2133 P.

194 2172 304 2234 Ghuri.
328 2171 365 2246 Ι,
389 2172 447 2234 eol.
472 2173 556 2250 550).

323 2462 465 2530 CXXIX.
495 2500 531 2509 —
558 2458 736 2531 Melzi·
762 2459 938 2531 Esurioi
965 2460 1224 2533 merehionis
1251 2460 1415 2532 eoniux.

561 2658 648 2726 1044,
672 2657 710 2716 28
732 2655 820 2717 Maii.
844 2655 915 2716 Iud.
938 2675 1001 2717 xn.
1026 2656 1189 2718 Pinarolii.

189 2837 368 2917 Adelexie
400 2836 589 2916 eomitissa
623 2837 643 2914 f.
673 2837 863 2940 quendem
902 2837 1064 2916 Oilolriei
1099 2837 1348 2942 Megeniredi‚
1379 2836 1460 2942 lege
1498 2839 1625 2918 vivens

112 2956 243 3052 selice,
272 2956 531 3035 consentiente
549 2956 683 3035 Enrieo
701 2961 860 3060 conjuge
888 2963 980 3058 ejus,
1010 2955 1239 3036 monasterio
1257 2957 1293 3036 S.
1313 2956 1450 3036 Mariae
1478 2957 1516 3048 in
1546 2957 1628 3038 loeo

109 3075 260 3156 Caburo
288 3077 404 3155 donet
430 3074 611 3178 capellam
641 3076 677 3154 S.
706 3075 891 3155 iohannis
919 3091 956 3155 et
974 3076 1067 3155 duos
1087 3101 1238 3155 mensos
1260 3088 1298 3155 et
1316 3075 1487 3156 sedimen
1511 3105 1628 3157 unuin

109 3195 148 3273 in
179 3194 263 3275 loeo
291 3193 558 3276 Carmaniolee.
593 3195 758 3274 Traditio
785 3195 829 3274 fit
856 3222 921 3297 per
947 3194 1155 3289 cultellum,
1183 3195 1358 3275 fistucam
1388 3208 1457 3274 ete.
1485 3198 1521 3275 S.
1549 3198 1625 3277 En-

111 3313 194 3410 rini,
224 3315 259 3394 S.
288 3313 484 3394 Adelexee.

271 3469 313 3546 (E
336 3467 545 3530 R.Tebulerio
561 3467 758 3540 Taurinensi
782 3468 923 3529 Abbuziu
938 3441 971 3530 di
988 3471 1122 3530 Ounour.
1146 3469 1219 3530 Fas.
1235 3469 1262 3528 Ι.
1286 3470 1331 3530 Μ.
1349 3469 1393 3531 ΙΙ.
1414 3469 1449 3531 Ρ.
1475 3469 1581 3532 Ghsri.
1600 3471 1626 3546 1,

195 3567 255 3626 eol.
280 3565 363 3642 557).

330 3858 457 3924 CXXX.
487 3897 521 3905 —
552 3854 702 3930 obiens
729 3855 966 3927 Bureherdi
994 3857 1057 3928 111
1084 3855 1280 3942 Arohiep.
1309 3859 1414 3950 Lug.

829 4056 917 4114 1046.

210 4234 321 4314 ·An.
353 4177 448 4313 1046
480 4241 512 4312 1ο
540 4233 640 4338 ldus.
659 4293 691 4310 ..
733 4233 911 4314 obierunt
945 4235 1140 4317 Odolrieus
1168 4238 1435 4342 Lugdunensis
1477 4238 1631 4318 Anchie-

106 4355 285 4460 piseopus
313 4365 350 4432 et
375 4351 615 4432 Bureherdus
642 4351 951 4456 Archiepiseopus
983 4389 1014 4430 u.

272 4507 313 4587 (E
333 4505 463 4568 Miscell.
487 4506 558 4568 Bib.
582 4506 810 4584 Lugdunensis,
833 4507 872 4568 N.
890 4511 978 4583 1256,
995 4511 1033 4570 N.
1050 4512 1079 4569 2.
1097 4509 1307 4572 Cissiis-In
1322 4511 1443 4584 Sinni,
1460 4512 1521 4573 nu
1540 4512 1629 4574 Trois

190 4605 374 4677 Beronum,
396 4623 467 4682 pag.
490 4606 560 4664 ³50.

317 4897 460 4966 CXXXI.
492 4935 527 4946 -
554 4895 692 4987 Aymo
720 4895 957 4970 umbertil
984 4891 1011 4966 i.
1042 4896 1297 4968 Sedunensis
1325 4897 1426 4986 opii.

700 5095 787 5166 1046,
811 5093 850 5152 22
872 5091 1044 5155 Februarii.

183 5273 307 5362 nimo,
326 5385 328 5390 ἲ
347 5273 579 5354 Sedunensis
618 5273 812 5378 episeopus
847 5288 885 5354 et
921 5274 1094 5354 abbatiae
1127 5276 1163 5354 S.
1196 5275 1361 5357 Mauritii
1388 5275 1629 5382 Agaunensis

104 5393 357 5502 praepositus,
391 5392 617 5474 Eremboldo
651 5409 688 5472 et
718 5394 900 5474 Deleerdo
928 5395 1141 5502 germanis,
1172 5397 1194 5476 I.
1226 5397 1417 5501 quendem
1449 5397 1630 5495 Buzonis‚
