4096 6190
478 316 547 379 ooo
877 310 1072 378 uueusra
1100 263 1303 380 courruu
1331 309 1574 382 sauauumu

839 781 1037 850 oecxmx.
1068 820 1103 830 -
1132 780 1311 851 Beotrlx
1336 779 1388 851 ale
1415 777 1616 871 Alinglls.

940 993 1029 1067 1245,
1052 994 1090 1054 29
1111 993 1141 1054 d.
1166 993 1359 1055 Novembris.
1382 993 1518 1072 Agauni.

547 1191 675 1271 abbas
703 1201 740 1269 et
766 1189 975 1292 Capitulum
1006 1190 1185 1270 eoolesiae
1212 1191 1447 1294 Agauueusis
1470 1202 1602 1270 uotum
1622 1190 1947 1270 l'aoiuutBeatrieeu

477 1310 639 1391 relictam
669 1309 819 1389 Hauriei
847 1309 894 1389 de
911 1308 1071 1414 Aliugiis
1094 1337 1178 1388 oum
1209 1309 1298 1389 liliis
1317 1307 1395 1388 suis
1421 1309 1621 1389 Willelmo
1648 1322 1685 1388 et
1704 1310 1947 1415 Hugoueaoae·

477 1430 569 1532 pisse
596 1429 634 1508 in
664 1427 819 1508 feudum
847 1455 868 1505 a
897 1429 1004 1506 Petro
1031 1428 1077 1506 de
1100 1426 1287 1507 Sabaodia
1309 1429 1376 1507 tria
1391 1436 1523 1532 jugera
1544 1444 1662 1507 terrae
1682 1427 1778 1508 laeui
1796 1428 1948 1532 contigua,

476 1548 536 1627 ubi
564 1559 664 1627 extat
690 1548 825 1627 domus
854 1547 956 1627 sortis
984 1546 1080 1627 diota
1108 1547 1263 1640 Forous‚
1291 1575 1376 1627 oum
1405 1547 1504 1650 sylva
1532 1547 1630 1628 dieta
1659 1548 1816 1628 Coudra.

628 1716 670 1800 (E
693 1717 732 1780 R.
755 1717 831 1778 Tab.
856 1717 1051 1791 Taurinensi‚
1074 1716 1195 1778 Iaa’eat.
1220 1717 1307 1789 Sal„
1332 1717 1422 1779 Faaa.
1446 1717 1474 1792 I,
1497 1718 1638 1796 Alinges,
1661 1736 1695 1779 n.
1720 1719 1763 1796 1).

828 2131 949 2198 DOCL.
980 2169 1013 2180 -
1043 2126 1252 2199 Mandata.
1279 2123 1396 2218 tegla
1423 2125 1623 2218 Angllae.

1180 2340 1266 2401 1245.

550 2556 765 2636 Mandalum
794 2555 945 2636 Hearioi
973 2555 1132 2662 Angliae
1151 2555 1259 2660 regis,
1287 2555 1387 2658 quod
1416 2555 1612 2637 feudatarii
1640 2567 1677 2635 et
1704 2554 1877 2634 homines
1901 2554 1951 2632 ho·

477 2675 574 2755 noris
601 2674 871 2755 Riohemudiae
897 2675 1150 2754 obedientiam
1179 2687 1365 2776 praestare
1394 2675 1556 2754 debeant
1582 2675 1691 2754 Petro
1717 2675 1764 2753 de
1783 2671 1954 2764 sabaudia„

476 2797 512 2875 iu
542 2794 722 2875 omnihus
748 2793 916 2886 servitiis,
944 2793 1081 2896 quibus
1108 2792 1162 2872 illi
1190 2793 1369 2900 obbligati
1397 2806 1523 2874 essent
1550 2793 1649 2874 dioto
1677 2794 1800 2873 Petro.

632 2965 952 3044 (Wunsammuuoum
974 2963 1064 3026 Potra'
1084 2961 1130 3025 Π
1147 2963 1234 3026 Heu.
1257 2963 1453 3041 Probata'oam
1475 2983 1543 3044 pag.
1568 2967 1636 3038 105,
1658 2965 1736 3026 Doo.
1761 2965 1843 3039 190).

670 3374 806 3441 occul.
836 3412 871 3423 -
900 3371 1155 3462 Bomagium
1181 3331 1362 3442 marlai
1388 3369 1448 3442 IV
1473 3369 1569 3462 rogi
1594 3367 1793 3461 Angllao.

812 3587 900 3660 1246,
925 3589 961 3646 16
982 3585 1012 3647 d.
1037 3585 1192 3648 Januarii.
1214 3584 1306 3664 Apud
1328 3584 1642 3647 westmonasterium.

545 3790 735 3870 Amedeus
762 3815 888 3868 eomes
916 3786 1126 3867 Sabeudiae
1154 3798 1191 3864 et
1221 3784 1388 3863 marohio
1417 3783 1454 3862 iu
1483 3783 1589 3862 ltalia
1622 3783 1785 3862 Henrioo
1821 3783 1872 3862 lll
1898 3783 1959 3858 an-

473 3911 567 4017 gliae
587 3909 663 4014 regi
686 3908 903 4012 homagium
926 3905 1011 3985 l'ooil
1031 3933 1094 4007 pro
1115 3919 1233 3984 easlro
1253 3901 1410 4005 Avyllou
1432 3906 1518 4001 (sio)
1537 3916 1573 3980 et
1591 3901 1678 3981 villa
1697 3901 1873 3981 Seousiae
1891 3924 1963 3977 oum

474 4029 604 4130 palatio
632 4040 808 4107 oleastro
837 4029 882 4105 ale
910 4025 1020 4106 Bardi
1048 4038 1085 4103 el
1113 4023 1198 4103 villa
1226 4023 1260 4102 S.
1290 4021 1453 4100 Maurilii
1482 4021 1520 4100 in
1548 4019 1800 4116 Chahlasio,a
1828 4046 1909 4124 rege
1932 4015 1958 4093 iu

473 4147 624 4228 l'eudum
653 4145 845 4240 leueudis3
874 4171 1041 4247 proquo
1070 4141 1245 4244 homagio
1281 4139 1437 4219 habebit
1472 4169 1498 4218 u
1526 4138 1639 4218 libras
1667 4139 1856 4221 bonorum
1883 4150 1956 4216 ster·

475 4267 671 4373 liugorum,
701 4264 958 4369 percipiendas
987 4261 1156 4340 Loudon.

542 4385 737 4464 Praeterea
765 4410 890 4462 eomes
918 4381 955 4460 in
986 4393 1204 4482 perpetuum
1234 4377 1365 4480 occipit
1393 4405 1458 4480 pro
1486 4379 1584 4456 diolo
1613 4377 1790 4481 homagio
1808 4400 1959 4455 aunuum

473 4503 623 4585 leudum
652 4505 898 4583 ducentarum
920 4526 1131 4578 marearum
1146 4498 1333 4577 bonorum
1352 4495 1614 4600 sterlingorum
1635 4495 1794 4600 siugulis
1813 4493 1918 4574 anuis
1933 4493 1960 4571 iu

473 4625 563 4704 festo
590 4624 625 4703 S.
655 4621 858 4702 Michaelis,

544 4743 713 4845 Denique
733 4768 796 4821 rex
813 4740 1005 4843 promittit,
1026 4738 1124 4841 quod
1147 4764 1260 4816 uuam
1291 4733 1454 4815 liliorum
1472 4734 1633 4829 comitio,
1653 4759 1767 4836 quam
1787 4734 1835 4813 ad
1855 4757 1961 4835 regem

470 4863 655 4946 destinare
683 4859 842 4940 voluerit
869 4860 907 4938 iu
929 4857 1116 4962 Anguem,
1138 4855 1313 4935 maritare
1331 4853 1451 4948 faciet,
1473 4853 1529 4933 vel
1547 4852 1713 4934 Johauni
1733 4852 1781 4931 de
1798 4853 1962 4932 Wareua.

469 4985 544 5088 qui,
572 4982 602 5063 si
629 4979 774 5076 vixerit,
803 5005 928 5059 eomes
959 4977 1029 5057 erit
1061 4976 1294 5058 Wareuuoe.
1335 4972 1390 5052 vel
1420 4971 1619 5052 lldmuudo
1647 4972 1693 5050 de
1722 4972 1830 5072 Laoy,
1858 4969 1916 5072 qui
1939 4964 1961 5042 si

469 5101 609 5197 vixerit,
635 5128 762 5180 eomes
790 5100 860 5178 erit
887 5095 1104 5178 Liuooluiae
1112 5124 1123 5192 3
1142 5119 1304 5196 quorum
1334 5089 1570 5194 marilegium
1590 5089 1636 5169 ad
1657 5101 1783 5194 regem
1805 5089 1960 5192 pertinet.

627 5273 812 5353 (eonvenuo
832 5271 867 5331 in
897 5269 959 5331 tria
984 5268 1156 5346 diplomata
1182 5265 1299 5343 digesta
1324 5266 1379 5325 eal.
1414 5260 1547 5334 Bruma,
1569 5259 1812 5338 actapublice,
1838 5261 1870 5332 Ι,
1891 5259 1922 5320 Ρ.
1941 5254 1962 5320 I.

552 5374 623 5443 1553
645 5370 952 5440 Wuusruuuuueuu,
975 5366 1062 5427 Hiar.
1085 5364 1175 5424 Petri
1194 5363 1249 5434 II,
1271 5361 1363 5422 Proh.
1387 5379 1457 5438 pag·
1483 5361 1550 5432 106,
1574 5357 1651 5418 Doo.
1677 5357 1761 5436 191).
