4050 6188
420 241 490 308 194
828 237 1025 309 REGESTA
1052 237 1255 308 centron
1283 237 1529 320 SABAUDIAE

414 481 564 562 heriaco
590 445 745 584 eiusque
778 477 1007 586 habitatores
1042 479 1123 558 vult
1155 477 1294 583 perfrui
1326 477 1510 572 libertate,
1537 491 1577 559 et
1598 478 1766 582 justitias
1785 507 1871 559 suns
1894 493 1923 558 et

415 599 701 683 constitutiones
728 599 888 680 firmiter
920 609 958 679 et
990 595 1256 678 inviolabiliter
1290 597 1544 679 observandos
1578 597 1793 680 describere
1831 613 1924 678 curet

418 733 529 826 atque
555 719 780 825 promulget.

463 859 597 939 Comes
628 865 666 935 et
700 851 770 935 filii
806 861 886 956 ejus
922 853 1136 948 Amedeus,
1167 854 1414 959 Augustensis
1451 855 1702 957 praepositus,
1733 854 1858 935 Berlio
1887 855 1926 934 de

413 976 693 1073 tharnheriaco,
721 974 963 1056 Mentellinus
988 974 1074 1079 (leg.
1108 979 1359 1075 Nontotmuo)
1386 973 1433 1055 de
1467 967 1630 1055 Mioleno
1658 986 1696 1055 et
1725 973 1925 1056 Umbertus

415 1098 461 1178 de
489 1095 655 1200 Seysello
682 1094 810 1176 omnio
837 1094 1033 1174 observare
1056 1099 1196 1194 jurent.
1225 1093 1507 1198 Archiepisoopi
1534 1093 1764 1174 Viennensis
1798 1106 1838 1174 et
1872 1095 1929 1173 To·

415 1217 668 1304 rentesiensis,
708 1241 795 1295 cum
822 1212 1080 1318 episcoporum
1110 1212 1368 1318 suffraganeis,
1397 1241 1467 1294 nec
1508 1241 1582 1292 non
1610 1212 1836 1294 Bellicensis
1863 1215 1927 1315 epi·

417 1364 552 1440 seopus
578 1334 699 1439 sigillo
724 1362 792 1414 sue
819 1346 1023 1438 apponunt.

466 1475 603 1554 Actum
632 1482 688 1553 est
719 1472 815 1570 epod
841 1469 1025 1572 ternplum
1059 1468 1327 1551 Chemberieci.
1364 1471 1493 1551 Testes
1523 1470 1679 1552 fuerunt
1708 1469 1929 1552 Guillelmus
1999 1487 2000 1574 j

371 1581 375 1590 ’
417 1590 696 1673 Valentinensis
723 1589 883 1678 Electus,
911 1589 1107 1670 Johennes
1133 1590 1361 1672 Bloncerdus
1388 1591 1478 1671 civis
1505 1590 1784 1697 Lugdunensis,
1815 1590 1930 1695 Gnigo
1999 1593 2000 1660 ἶ

419 1711 640 1792 Chevelluto
667 1709 898 1792 Camberieci
920 1708 1108 1807 mistrelis,
1127 1710 1313 1791 Briendns
1330 1709 1583 1790 submistrelis
1603 1718 1696 1812 ejus,
1716 1710 1851 1790 Petrus
1874 1738 1930 1789 co

418 1831 520 1913 mitis
553 1829 732 1924 noterius,
749 1827 913 1910 Jacobus
931 1829 1084 1910 Barheri
1104 1829 1275 1933 publicus
1295 1829 1474 1927 noterius
1494 1829 1616 1933 Aymo
1636 1829 1811 1936 Grengio,
1836 1829 1929 1910 Bon·
1999 1819 2000 1824 Ν

419 1949 611 2044 nivardus,
638 1948 815 2028 Stefenus
832 1949 962 2040 Voohi,
980 1947 1205 2030 Guillelmus
1222 1948 1351 2044 VotuS,
1369 1950 1502 2029 Petrus
1515 1947 1683 2052 Vulpilii‚
1709 1947 1931 2029 Guillelmus
1999 1953 2000 1956 ‘

419 2068 606 2164 Chabodi,
647 2067 873 2148 Gnillelmus
911 2068 1043 2164 Defili,
1075 2067 1270 2148 tohannes
1302 2067 1349 2148 de
1381 2070 1674 2172 Asperomonte,
1708 2066 1932 2162 Guillelmus
1999 2113 2000 2116 κ

419 2189 589 2284 Brunini,
608 2190 728 2292 Aymo
747 2187 932 2284 Barbarie,
959 2189 1091 2268 Petrus
1119 2186 1307 2268 Micholdi.

490 2308 715 2389 Willelmus
742 2308 910 2387 noterius
936 2307 1095 2411 scripsit.

578 2479 641 2558 (Ab
662 2498 779 2561 exemp.
795 2477 867 2540 Bib.
890 2478 1095 2543 Oomberiooi.
1119 2479 1281 2542 Ornnrnro
1301 2483 1331 2542 et
1352 2480 1931 2560 Prome,1>oe.etp.rsou.,p.1no).

637 2937 786 3008 nxxxt.
814 2977 850 2990 -
877 2931 1081 3007 Vendttto
1107 2930 1319 3006 Berliontr
1345 2930 1396 3003 de
1425 2931 1711 3006 camberiaco.

910 3149 1015 3238 roeo,
1040 3151 1076 3210 ιε
1097 3148 1128 3211 e.
1151 3147 1270 3211 uero.
1292 3146 1364 3209 ree.
1388 3168 1421 3209 v.

489 3350 613 3431 Berlio
639 3347 686 3429 de
713 3347 983 3431 Chemberieoo
1012 3349 1140 3430 vendit
1165 3350 1332 3432 Thomee
1359 3349 1487 3450 comiti
1516 3348 1729 3430 Sebeudiee
1749 3348 1932 3454 quidquid

418 3471 534 3553 hebet
559 3469 598 3550 in
625 3469 744 3574 burgo
763 3468 810 3548 de
828 3467 1109 3562 Cheruberieco,
1128 3482 1165 3548 et
1182 3466 1314 3571 recipit
1331 3467 1483 3574 triginta
1503 3469 1577 3549 duo
1597 3469 1702 3549 milia
1725 3468 1930 3549 solidorum

414 3591 601 3674 bonorum
629 3588 783 3669 fortium
811 3587 1090 3691 Segusinorum.
1109 3588 1233 3667 Berlio
1253 3602 1378 3667 temen
1399 3588 1583 3692 quaedem
1600 3595 1685 3690 jore
1704 3587 1928 3667 nominatim

420 3709 603 3814 descripte
641 3719 822 3804 reservet,
863 3707 1061 3812 additque:
1109 3708 1309 3788 «Retineo
1350 3707 1487 3804 etiem,
1529 3707 1560 3788 si
1602 3706 1806 3811 aliquando
1842 3707 1927 3786 villo

336 3866 341 3880 ·
419 3827 680 3930 (Camberieoi)
705 3827 774 3907 fiet
799 3825 937 3922 libero,
963 3827 1063 3930 quod
1091 3827 1267 3908 homines
1297 3827 1393 3924 mei,
1426 3827 1485 3907 vel
1524 3825 1699 3906 homines
1733 3825 1929 3905 hominum

416 3977 589 4031 meorum
617 3947 791 4052 quisunt
815 3947 862 4028 de
888 3947 1003 4028 feudo
1032 3974 1150 4026 meo..
1173 3975 1274 4026 .non
1293 3946 1530 4050 recipientur.
1549 3979 1566 4020 e
1599 3945 1745 4027 Deinde
1773 3945 1931 4025 Thomas

419 4095 546 4150 comes
565 4066 730 4150 Berlioni
759 4067 823 4146 dot
852 4067 1008 4146 feudum
1050 4065 1275 4147 Montisforti
1316 4067 1354 4146 in
1383 4067 1552 4160 feudum,
1581 4066 1628 4144 ed
1654 4065 1788 4145 decem
1819 4063 1929 4144 libres

417 4188 570 4272 fortium
599 4185 871 4293 Segusinornm
900 4185 938 4266 in
968 4185 1175 4266 mutatione
1202 4185 1403 4286 cujuslibet
1429 4183 1575 4264 domini
1603 4182 1875 4264 Chomberieoi.

493 4353 528 4404 rx
554 4322 637 4406 Kal.
666 4321 792 4402 martii
820 4321 1041 4402 Willelmus
1067 4320 1252 4402 Berlionis
1285 4320 1396 4411 filins,
1423 4320 1545 4401 sciens
1573 4346 1614 4400 se
1642 4318 1783 4400 hebere
1805 4327 1867 4420 jus
1889 4319 1928 4398 in

421 4442 584 4548 paternis
611 4440 738 4534 rebus,
769 4439 1020 4520 venditionem
1050 4440 1178 4520 landet
1205 4450 1242 4521 et
1263 4447 1375 4542 juret.

579 4613 622 4696 (E
643 4612 682 4674 R.
706 4612 783 4674 Tob.
806 4611 1003 4676 Teurinenei.
1025 4613 1150 4675 Invent.
1174 4613 1267 4674 Prov.
1291 4611 1377 4686 Sub,
1400 4611 1492 4674 Fero.
1514 4611 1561 4685 H,
1584 4610 1772 4692 Ghombdry,
1793 4630 1878 4675 num.
1899 4613 1925 4669 1.

499 4713 647 4786 Bonorrs,
667 4709 919 4774 Omuideroziom‘
938 4709 1060 4771 intorno
1080 4729 1100 4772 o
1124 4711 1286 4772 Tommuoo
1306 4711 1332 4772 I
1348 4717 1432 4772 conte
1453 4709 1489 4771 di
1509 4709 1626 4774 Boeoto
1647 4717 1703 4773 cto.
1726 4709 1766 4773 V.
1784 4711 1926 4773 Menoe

498 4812 586 4873 dello
605 4809 649 4872 R.
672 4809 749 4870 Ace.
772 4808 852 4871 delle
874 4805 999 4870 Soiom
1020 4807 1055 4870 di
1076 4808 1203 4879 Torioo,
1224 4806 1288 4870 vol.
1311 4805 1475 4886 XXXIV).
1499 4805 1626 4869 Stetnto
1647 4806 1842 4870 Osnfoeriroi
1861 4807 1925 4867 dcto

500 4907 627 4970 suerunt
646 4924 683 4966 rr
711 4905 759 4966 die
779 4904 900 4979 Martii,
924 4902 1059 4968 Thomna
1079 4923 1149 4968 vero
1169 4923 1216 4966 res
1245 4903 1399 4966 Berlionie
1427 4902 1463 4966 de
1491 4901 1690 4966 Oemberiooo
1716 4904 1792 4966 emit
1817 4921 1863 4964 xv
1882 4899 1924 4962 die

497 5003 635 5084 ejusdem
654 5001 779 5066 menois.
807 5000 870 5064 Hic
896 5000 999 5063 Berlio
1026 5002 1062 5064 de
1089 5001 1234 5074 Stotutis,
1259 5000 1355 5063 veluti
1378 5000 1517 5063 nondum
1541 4999 1762 5080 promulgetis,
1788 5001 1870 5080 loqui
1887 4996 1925 5056 ri·

499 5100 613 5180 detur).
