4198 6190
479 411 524 476 62
885 410 1082 477 ananam
1110 409 1312 476 OOMITUM
1340 407 1586 474 SABAUDIAE

491 757 664 824 CLXXI-lt.
680 795 712 802 -
733 752 920 836 Malaia,
949 756 1101 825 Petrus
1128 757 1160 838 1,
1187 754 1400 826 amadeus
1427 757 1481 825 11.
1509 755 1682 825 Moneta
1709 751 1968 824 viennensis.

729 993 734 1004 ,
825 940 863 996 30
886 937 1077 1010 Novembris,
1102 937 1191 997 Faria
1211 937 1269 1007 IV,
1291 937 1384 998 Luna
1407 937 1492 998 XVI.
1515 938 1646 999 Anno...

725 1039 805 1114 (post
826 1053 945 1096 annum
967 1035 1047 1096 diem
1071 1037 1158 1104 1060,
1181 1037 1253 1094 anta
1274 1053 1392 1094 annum
1415 1033 1490 1108 XII,
1515 1033 1603 1094 Junii
1624 1039 1745 1110 mxx).

551 1217 690 1298 No'titia
719 1216 934 1294 viennensis
964 1229 1145 1302 nronutae,
1167 1244 1260 1316 quae
1281 1217 1372 1294 sacta
1393 1233 1448 1292 est
1469 1217 1566 1294 inter
1588 1215 1862 1318 herulegarinm
1888 1215 1985 1292 h'iru·

478 1365 633 1416 neusem
662 1335 984 1438 archiepiscopum
1013 1349 1049 1413 rt
1076 1334 1295 1418 Adelahiam
1326 1336 1635 1414 marchionissam
1667 1359 1753 1413 curn
1790 1334 1882 1412 tiliis
1911 1335 1986 1409 suis.

477 1458 658 1559 Tempore
687 1455 853 1534 Oddouis
883 1455 1109 1534 marchionis
1139 1455 1204 1533 viri
1234 1454 1435 1532 Arielaidae
1460 1455 1613 1556 quidam
1644 1453 1779 1532 falsarii
1810 1454 1845 1532 in
1882 1455 1986 1554 lunga

479 1576 705 1679 hcqnahelia
739 1575 840 1654 iliam
881 1589 1074 1653 monetam
1110 1591 1397 1677 corrupumunt,
1428 1576 1618 1676 ignorante
1652 1574 1865 1676 supradicto
1901 1600 1987 1650 mar-

474 1697 620 1782 chione,
649 1694 711 1798 qui
733 1695 980 1796 praecepitur.
1006 1695 1166 1794 amplius
1189 1694 1447 1796 balatusque
1475 1696 1568 1773 iacta
1589 1707 1656 1780 cst,
1676 1722 1720 1770 eo
1740 1694 1900 1771 virente.
1923 1695 1985 1768 Sed

475 1829 735 1919 postmortem
756 1821 836 1912 ejus
855 1814 915 1892 ahi
937 1813 1099 1893 latrones
1122 1815 1257 1892 iterum
1277 1843 1358 1892 uam
1383 1814 1618 1901 falsaverunt,
1638 1840 1833 1916 quousque
1853 1812 1987 1891 archir-

475 1937 646 2038 piscopns
678 1933 931 2039 Leirdogarius
962 1933 1066 2011 venit
1101 1933 1139 2012 in
1169 1933 1315 2012 Italiam
1344 1935 1390 2012 arl
1419 1933 1732 2013 marchionissam
1763 1931 1987 2010 hdelaidam.

479 2057 580 2148 Quae
612 2054 796 2146 similitor,
832 2080 878 2131 ue
906 2052 1067 2154 amplius
1096 2053 1214 2138 heret.
1245 2053 1441 2156 praecepit.
1471 2053 1622 2136 Tamen¹
1655 2067 1695 2129 ut
1722 2050 1902 2131 omnibns
1933 2079 1988 2128 ua-

479 2188 560 2252 tum
590 2173 675 2269 liat,
705 2174 894 2276 Trapezita
922 2202 941 2250 a
971 2173 1125 2250 ilomiuo
1167 2175 1291 2251 lionae
1332 2201 1423 2276 papa
1466 2173 1794 2266 excoumnicahrs,
1836 2170 1987 2273 paralpi

479 2321 677 2396 purcussus
717 2292 899 2370 membris
942 2291 1119 2371 omnibns
1160 2292 1365 2370 dissolutus
1395 2293 1548 2395 impiam
1581 2292 1691 2371 vitam
1723 2290 1837 2396 iligna
1875 2303 1986 2367 morte

479 2414 612 2492 linivit.
651 2413 763 2490 hiorlo
799 2425 939 2502 autem,
974 2411 1168 2514 ignorante
1198 2412 1481 2505 marchionissa,
1508 2412 1569 2490 alii
1599 2411 1721 2490 l'alsari
1751 2409 1868 2488 exorti
1888 2425 1987 2486 snut:

478 2533 559 2625 sed,
596 2531 850 2611 mediantibus
887 2532 1037 2610 Adrado
1063 2531 1379 2610 Rremctteusinm
1409 2531 1544 2610 ahhatc
1572 2545 1609 2608 et
1636 2530 1790 2610 Artaldo
1819 2528 1988 2608 ecclesian

477 2650 707 2731 'Viennensis
742 2651 963 2754 praeposito,
1001 2650 1189 2736 Adelaida.
1217 2679 1304 2730 cum
1333 2650 1420 2730 filiis
1448 2651 1525 2730 suis
1554 2652 1662 2730 Petro
1690 2665 1727 2727 ct
1763 2650 1932 2728 Amedeo
1961 2663 1987 2723 et

479 2773 646 2861 tiddane,
673 2771 845 2874 promisit
872 2771 909 2848 iu
948 2799 1062 2850 manu
1090 2771 1311 2875 Landegarii
1340 2770 1619 2874 archiepiscopi,
1648 2797 1694 2849 ne
1732 2781 1883 2847 moneta
1913 2796 1988 2844 am-

477 2891 575 2992 plius
604 2890 766 2979 l'alsctm,
788 2917 908 2991 neque
938 2890 1003 2968 liat
1031 2916 1116 2966 vera
1137 2917 1257 2990 neque
1287 2889 1387 2978 salsa,
1416 2889 1480 2968 illa
1508 2904 1658 2991 excerpta
1677 2917 1772 2990 quae
1795 2889 1831 2968 iu
1852 2888 1987 2966 Vienna

476 3010 589 3091 fuerit
615 3009 721 3088 facta.
751 3009 830 3088 Hoc
850 3008 1003 3086 laudant
1030 3023 1067 3086 ct
1094 3007 1321 3088 confirmant
1356 3010 1423 3088 iiiii
1453 3016 1534 3107 ejus
1560 3009 1693 3086 Petrus
1714 3007 1991 3110 primogenitus.

479 3129 669 3209 hnrerlcus
697 3139 734 3206 et
773 3127 897 3210 Orldm
926 3129 1082 3206 iamlaut
1117 3129 1286 3206 hrhadus
1313 3129 1427 3208 abbas
1455 3127 1723 3206 lhemettcusis
1752 3141 1789 3204 et
1821 3127 1990 3206 hrtaldus

478 3247 710 3352 praepositus
740 3247 962 3326 viennensis.
1965 3269 1967 3274 ’

553 3371 644 3447 hato
671 3395 736 3470 per
764 3394 896 3446 manus
916 3366 1073 3447 Bosouis
1093 3367 1138 3445 ad
1160 3367 1276 3447 ricem
1298 3354 1511 3448 cancellarii
1539 3381 1576 3445 et
1594 3365 1836 3470 primiscrinii
1858 3395 1892 3442 rr
1913 3364 1987 3443 Kal.

476 3489 560 3566 liae.
588 3489 700 3566 ionae
726 3517 787 3566 arr
814 3487 903 3567 seria
933 3517 984 3580 iv,
1012 3487 1174 3567 Hearico
1203 3516 1287 3592 rege
1317 3486 1486 3566 noudum
1508 3488 1743 3590 imperatore,
1773 3485 1940 3565 Caesaris
1958 3499 1989 3558 rr

477 3608 712 3708 imperatoris
741 3606 831 3702 iilia,
862 3606 1154 3686 marchionissae
1181 3634 1330 3712 genero.

636 3754 808 3829 (Aonamr,
831 3751 1032 3831 Spicilagium
1053 3755 1110 3812 ctc.
1136 3752 1224 3812 Tam.
1248 3752 1310 3820 ΙΙΙ,
1335 3772 1406 3830 pag.
1425 3755 1494 3810 393.
1512 3752 1651 3822 Parisiis,
1671 3753 1756 3812 1723.
1784 3751 1859 3810 Vide
1879 3751 1988 3815 Sarra,

560 3849 581 3910 Ι
597 3851 696 3926 primi
716 3850 798 3910 couti
818 3851 853 3908 ai
877 3849 1006 3921 Satrai-u,
1030 3868 1099 3927 pag.
1125 3851 1168 3928 Ι).

786 4139 953 4204 CLXXIV.
984 4174 1032 4186 -
1060 4134 1364 4205 nonasterium
1392 4131 1686 4205 caramanico.

556 4319 643 4390 1072,
668 4319 703 4378 17
719 4317 846 4397 Aprilis.
871 4316 1288 4389 Ina.x.aarmani01a0,in
1311 4317 1400 4376 domo
1423 4315 1603 4374 Monasterii
1625 4313 1698 4374 eccl.
1717 4313 1912 4374 Gabnrsnsis.

550 4499 720 4604 Adeligia
751 4496 951 4584 comitissa,
977 4499 999 4577 f.
1018 4499 1208 4601 qnondam
1239 4498 1458 4602 Magini'rudi
1489 4496 1729 4585 marchionis,
1753 4495 1834 4600 lege
1863 4496 1985 4574 vivens
2058 4571 2059 4592 ἶ

476 4620 590 4699 saiica
619 4631 700 4713 rto,
730 4618 959 4697 monasterio
988 4619 1022 4696 S.
1052 4618 1189 4696 itariae
1226 4618 1264 4696 in
1303 4618 1382 4696 vico
1417 4620 1667 4718 Caramagnae
1704 4616 1776 4694 suh
1813 4615 1985 4716 regimim

476 4738 642 4818 Elizabrt
669 4737 878 4818 abbatissae
907 4737 1020 4816 donat
1048 4753 1181 4815 cuncta
1216 4737 1402 4816 smhmina
1430 4765 1515 4815 cnm
1544 4733 1725 4814 aediliciis
1753 4763 1848 4836 quar
1875 4761 1893 4810 a
1921 4733 1986 4810 ΙΙΙ·
2058 4753 2059 4792 Ι

478 4857 625 4937 aedicto
655 4870 691 4936 rt
718 4858 900 4936 Prrrnenr
928 4868 1116 4952 tenentur,
1144 4858 1181 4936 in
1212 4856 1396 4935 territorio
1434 4854 1703 4944 Carmaniolar‚
1724 4870 1761 4931 et
1789 4852 1826 4932 iu
1856 4853 1984 4955 rpisra·

476 4991 564 5079 patu
584 4986 622 5054 ot
641 4975 861 5055 Tauriurnsi
890 4975 1067 5054 rornitutu
1089 4991 1199 5076 atque
1220 4975 1258 5053 in
1278 4975 1405 5053 Italico
1434 5002 1559 5076 regim
1580 4987 1731 5075 «racemo
1753 5001 1830 5051 nno
1850 4996 1985 5059 manso,

475 5125 587 5198 qumn
616 5095 798 5174 Pinarius
827 5108 939 5172 trurt.
968 5093 1133 5173 'i‘rarlitio
1164 5097 1207 5175 lit
1236 5123 1301 5198 prr
1337 5093 1530 5172 cultellum
1565 5107 1632 5170 etc.
1663 5139 1698 5148 -
1727 5093 1764 5169 S.
1794 5089 1984 5188 Artabassis?

476 5214 697 5294 comitissae.
726 5216 762 5294 S.
790 5213 963 5294 Witelmi
992 5212 1071 5292 vico
1099 5213 1246 5294 canaitis
1274 5227 1311 5292 et
1338 5214 1509 5293 aliorum.

552 5333 683 5414 Petrus
714 5333 881 5414 notarius
909 5335 946 5413 S·
975 5333 1105 5414 Palatii
1135 5334 1290 5435 scripsit.

593 5479 770 5562 (hincmar,
795 5480 944 5541 Meritoria
965 5480 999 5541 di
1020 5481 1160 5550 arrersao,
1179 5478 1336 5557 V01.1,p.
1355 5482 1422 5538 232.
1443 5478 1466 5536 n
1490 5478 1565 5538 rub.
1579 5479 1651 5538 eccl.
1670 5475 1761 5537 Ceth.
1780 5472 1979 5548 Salutiensis).
