4096 6190
464 383 534 448 288
863 383 1060 452 REGESTA
1088 380 1291 456 COMITUM
1320 388 1563 457 sescentas

481 497 549 504 *-
597 497 815 505 *—
1675 503 1957 513 -——————

464 513 513 519 ξ-
535 515 575 520 ..-..
590 513 1238 524 ——.-————--—----——-—--—
1269 519 1401 524 ...--—
1410 518 1957 528 ———.—-.——·—

465 829 756 900 ccccxxxvm.
774 869 805 882 -
823 828 1069 916 cupitarum
1093 832 1390 904 heumann
1419 838 1463 904 ct
1489 832 1659 904 Dcmtnl
1687 833 1738 904 dc
1766 833 1957 906 lencnt.

943 1028 1031 1100 1250,
1055 1028 1091 1088 16
1112 1023 1142 1087 d.
1165 1027 1309 1104 Augusti.
1333 1025 1485 1088 Malduni.

537 1207 610 1286 Nos
636 1205 781 1287 Pierres
817 1206 864 1284 de
899 1205 1016 1286 Savce
1044 1205 1217 1286 fasonsa
1250 1205 1395 1286 saucirc
1431 1234 1450 1284 a
1487 1221 1543 1285 tos
1578 1233 1694 1285 ceaux
1730 1207 1795 1308 qui
1825 1225 1957 1286 verrent

460 1352 520 1404 ces
547 1351 699 1424 presens
729 1326 848 1419 letres,
885 1351 957 1428 que
991 1324 1027 1405 la
1058 1325 1236 1405 descorde
1268 1325 1331 1426 qui
1369 1325 1481 1405 estoit
1514 1339 1619 1404 entre
1648 1325 1681 1404 le
1711 1325 1886 1428 Chapitrc
1922 1329 1957 1408 de

461 1444 657 1523 Lacsanna
677 1443 777 1522 <luae
796 1458 878 1546 part
896 1455 934 1522 et
952 1445 1039 1522 Mon
1058 1444 1204 1549 Segnor
1222 1442 1382 1522 Richard
1402 1456 1439 1523 et
1457 1443 1580 1522 Rertcl
1601 1443 1714 1522 freres
1733 1459 1772 1524 et
1789 1473 1956 1549 scgncars

460 1563 507 1640 de
534 1559 708 1640 Belment
733 1562 864 1644 dautre
891 1577 971 1662 part
997 1589 1060 1640 sus
1088 1561 1251 1640 lauacrie
1271 1579 1308 1639 et
1324 1588 1457 1664 usages
1476 1587 1548 1664 que
1567 1561 1614 1640 cil
1642 1561 1787 1666 Segncr
1815 1565 1861 1641 de
1886 1565 1956 1642 Bel·

460 1692 566 1760 mcnt
593 1680 846 1760 demandaent
872 1708 912 1760 es
940 1679 1031 1761 viles
1058 1681 1104 1760 de
1131 1679 1339 1760 Essertines
1374 1693 1411 1759 et
1447 1681 1493 1760 de
1532 1681 1695 1760 Warens
1729 1693 1768 1760 ct
1802 1681 1849 1760 dc
1884 1684 1956 1760 Wa-

458 1798 586 1905 rengel
612 1814 669 1878 est
696 1799 877 1880 terminee
896 1828 961 1902 par
979 1801 1116 1879 devant
1134 1826 1202 1880 nos
1221 1827 1268 1878 eu
1289 1798 1338 1878 tel
1361 1799 1527 1880 maniere
1547 1825 1612 1903 par
1628 1800 1663 1879 le
1682 1814 1956 1881 consentement

460 1929 498 1997 et
524 1917 558 1998 lc
584 1945 652 1997 son
681 1919 729 1999 dc
756 1920 845 1998 lune
871 1919 965 2024 parti
993 1947 1013 1998 c
1042 1919 1088 1998 de
1115 1929 1231 1998 autre.

534 2042 757 2137 Sequuntur
782 2065 829 2116 cc
854 2065 950 2138 carce
967 2045 1104 2117 Petrus
1130 2043 1176 2115 de
1201 2042 1414 2127 Scbcudiu
1433 2043 1585 2117 arbiter
1609 2044 1761 2128 electus,
1788 2044 1955 2118 decernit.

618 2205 660 2283 (E
682 2206 756 2267 Ocd.
778 2205 864 2286 Dipl.
887 2205 996 2269 Heller
1016 2207 1176 2269 adservato
1190 2206 1224 2268 in
1238 2206 1323 2268 Bibl.
1346 2207 1508 2268 Beruensi.
1531 2207 1577 2268 Μ.
1600 2207 1646 2269 H.
1668 2207 1707 2267 P.
1731 2207 1761 2280 Ι,
1784 2207 1843 2268 ccl.
1867 2206 1954 2278 14031.

723 2597 981 2665 DCCCXXXIX.
1010 2635 1045 2645 -
1075 2589 1313 2663 Wsslclnus
1341 2591 1392 2662 co
1418 2591 1706 2665 Bellovstlsre.

1030 2791 1118 2860 1250,
1139 2791 1179 2848 110
1199 2788 1229 2848 d.
1252 2790 1395 2866 Augusti.

530 2986 752 3068 Willelmus
780 2987 826 3066 de
852 2986 957 3066 Bello
982 2985 1126 3066 Vcdere
1154 2984 1378 3064 domicellus
1414 2986 1548 3066 fatetur
1574 3013 1614 3065 se
1650 3001 1779 3066 tenere
1814 2987 1950 3066 feudum
2028 3041 2029 3057 a

456 3107 565 3188 castri
593 3108 639 3185 de
666 3106 857 3186 Falaveric
884 3133 905 3184 a
934 3106 1040 3184 Petro
1068 3105 1114 3183 de
1142 3103 1342 3200 sabaudia,
1371 3117 1409 3184 et
1434 3105 1597 3208 spondet
1623 3106 1724 3208 qaod
1753 3106 1784 3186 si
1812 3105 1951 3185 heredes

459 3227 598 3307 habere
626 3225 698 3306 sibi
727 3225 925 3331 contigerit
951 3252 995 3303 cx
1023 3249 1136 3302 uxore
1163 3250 1229 3303 sua
1250 3223 1429 3329 legitima,
1455 3252 1494 3303 se
1521 3251 1561 3304 se
1589 3224 1799 3327 positurum
1826 3225 1894 3304 iore
1918 3222 1949 3301 ir

461 3345 755 3427 misericordiam
784 3344 902 3433 Petri,
931 3343 961 3422 si
989 3341 1059 3422 iste
1086 3342 1177 3422 velit
1203 3343 1324 3422 l'acere
1351 3343 1506 3448 gratiam
1537 3343 1635 3423 feodi
1663 3343 1754 3424 dicti
1793 3343 1892 3423 castri
1917 3342 1947 3420 ir

457 3477 680 3569 perpetuum
707 3464 763 3543 vel
791 3463 837 3544 ad
866 3474 1024 3564 tempus.

616 3634 657 3716 (E
680 3633 718 3694 R.
742 3633 819 3696 Tab.
842 3630 1037 3695 Tauricanai.
1060 3631 1182 3692 Inveni.
1206 3631 1285 3694 Duc.
1311 3630 1383 3692 Sub.
1408 3631 1498 3694 Fece.
1520 3631 1549 3704 Ι,
1571 3651 1604 3692 n.
1627 3633 1691 3710 94).

456 4028 635 4096 DOCOXL.
666 4067 699 4076 -
721 4025 886 4095 Pascua
905 4023 949 4091 in
967 4021 1111 4092 Uento
1131 4022 1334 4093 Pantcric
1353 4021 1671 4093 scansion-ibus
1691 4019 1933 4092 oonflmru.
2026 4017 2027 4020 ‘

820 4224 907 4296 1250,
930 4222 968 4281 26
989 4220 1019 4281 d.
1043 4219 1238 4300 Septembris.
1260 4219 1331 4280 Ind.
1355 4238 1430 4280 vrrr.
1454 4217 1605 4281 secusino.

533 4420 764 4502 Humbertus
792 4421 838 4500 dc
866 4418 1158 4498 Montemeliano
1185 4418 1408 4497 castellanus
1437 4416 1662 4506 Avillaniae,
1697 4418 1744 4496 de
1778 4415 1941 4494 voluntate

456 4555 493 4622 et
520 4541 698 4621 mandato
724 4539 880 4618 Amedei
908 4538 1056 4617 cernitis
1085 4536 1295 4616 Sabaudiae
1323 4547 1361 4615 et
1387 4535 1616 4616 marchionis
1643 4536 1682 4615 in
1719 4535 1845 4628 ltalia,
1875 4557 1941 4633 prc-
2025 4521 2026 4532 Ν

452 4660 615 4755 nuntiat,
640 4659 740 4762 quod
779 4655 952 4737 homines
989 4655 1165 4736 Secusiae
1199 4655 1343 4734 habent
1382 4682 1520 4757 pascua
1546 4655 1586 4735 in
1613 4666 1743 4734 mente
1777 4650 1940 4738 Panteric,

454 4779 555 4860 salvo
578 4784 664 4881 J'ure
691 4777 850 4857 aliarum
879 4802 1134 4878 personarum,
1161 4774 1192 4854 si
1221 4801 1317 4876 quac
1346 4773 1519 4854 habeant.

529 4899 677 4978 Testes:
704 4893 888 4975 Martinus
917 4895 1139 4982 monachus,
1165 4893 1358 4973 Johannes
1386 4893 1587 4972 Fornerius
1624 4891 1791 4972 notarius
1823 4891 1864 4970 de
1892 4888 1939 4966 Se

454 5017 568 5112 cusia,
597 5014 774 5120 Magister
799 5015 930 5094 Petrus
957 5012 1135 5116 phisicae,
1164 5013 1294 5091 Petrus
1320 5012 1368 5091 de
1394 5011 1590 5104 Alanard0,
1612 5011 1723 5115 Hugo
1749 5011 1797 5090 de
1821 5009 1937 5089 Mente·

455 5135 619 5216 maliano
646 5134 836 5214 habitator
861 5131 1045 5210 Sceusiae.

526 5253 746 5333 Willelmus
772 5249 880 5330 Fabri
912 5250 1004 5352 lmp.
1033 5249 1148 5328 Aulae
1177 5246 1345 5327 notarius
1374 5243 1533 5347 scripsit.

610 5421 650 5502 (Ε
672 5421 748 5484 Tab.
774 5420 869 5482 civit.
892 5416 1044 5480 Secueica.
1066 5417 1148 5478 Mon.
1174 5415 1262 5477 Huc.
1285 5415 1376 5476 Patr.
1396 5415 1490 5492 Lagea
1511 5413 1741 5493 Municipsles,
1764 5416 1793 5486 1,
1812 5413 1864 5476 ecl.
1885 5409 1932 5482 11).
