4050 6188
595 275 810 402 communit
840 331 1070 401 annonast
1521 329 1590 396 179

85 447 132 455 -ιι

86 464 174 472 .—

150 577 296 656 Testes:
324 575 363 654 P.
390 575 438 653 de
465 573 680 676 Amaysino,
708 574 746 652 P.
774 573 820 652 da
856 573 1030 675 Conteys‚
1071 569 1245 650 Uldricus
1284 568 1512 650 castellanus
1540 567 1587 648 de

83 695 223 784 Chilon,
244 709 281 774 et
302 693 376 774 alii.

231 846 273 931 (Ε
294 847 371 910 Tab.
394 848 533 923 Valerus,
556 848 731 923 (innuero,
757 849 886 910 osona
909 847 1107 921 oeconoma,
1130 845 1210 908 Doc.
1232 846 1282 919 41,
1307 863 1379 924 pag.
1403 845 1489 924 loa).

464 1138 702 1208 ODLXXXIII.
731 1177 766 1188 -
794 1139 948 1209 retro·
975 1135 1026 1208 do
1053 1138 1207 1210 Lorne.

594 1319 668 1381 Bina
689 1337 772 1382 suno
790 1321 822 1380 ot
842 1320 910 1381 loco
931 1320 1070 1400 (lami).

153 1488 287 1589 Aymo
314 1485 416 1566 filius
443 1487 591 1568 comitis
618 1486 839 1573 sabaudiae,
868 1499 1002 1566 notum
1030 1486 1128 1576 lacit,
1155 1486 1257 1590 quod
1287 1485 1494 1566 Landricus
1521 1485 1594 1591 cpi·

79 1635 211 1711 scopus
239 1605 471 1687 Sedunensis
499 1635 613 1688 omne
640 1606 810 1688 debitum
840 1609 940 1710 quod
967 1605 1134 1688 debebat
1159 1607 1269 1687 Petro
1298 1610 1344 1686 de
1372 1607 1512 1700 Larua,
1540 1607 1595 1686 vi-

80 1725 214 1806 delicet
239 1755 359 1806 cxxvn
387 1726 459 1820 tib,
486 1727 558 1808 sibi
577 1727 764 1830 persolvit.

236 1881 279 1963 (Ε
301 1880 379 1944 rab.
403 1880 545 1954 Valerus,
568 1881 741 1956 Gannico,
768 1880 898 1944 Gtartca
919 1880 1114 1955 cccccccccc,
1137 1881 1215 1943 Doo.
1238 1881 1288 1954 ta,
1311 1899 1341 1961 p.
1365 1882 1448 1958 410).

366 2213 369 2220 .
423 2173 656 2240 ODLXXXIV.
687 2213 722 2221 -
749 2170 906 2240 Domus
933 2168 1093 2243 Montio
1120 2170 1253 2244 aovin.

656 2354 748 2414 Anno
791 2397 800 2413 .
844 2355 1013 2434 ‚onaan

152 2521 329 2614 Thomas,
356 2546 484 2600 comes
513 2518 724 2599 Sabaudiae
753 2529 791 2598 et
816 2517 855 2597 in
888 2517 992 2598 Italia
1021 2518 1202 2613 marchio,
1232 2521 1368 2602 Udrico
1395 2522 1598 2603 castellano

78 2641 121 2719 de
149 2639 303 2720 Chillon
330 2637 520 2741 praecipit,
547 2650 588 2716 ut
612 2640 777 2717 Domum
806 2637 946 2717 montis
972 2638 1078 2718 Jovis
1105 2639 1302 2735 custodiat,
1331 2639 1364 2721 ai
1395 2642 1598 2742 possessio·

79 2787 162 2838 nem
196 2762 361 2838 nemoris
389 2757 435 2836 de
464 2756 611 2836 Orsiere
638 2756 824 2848 defendat,
853 2769 890 2836 et
908 2759 939 2837 si
958 2756 1094 2860 aliquis
1122 2759 1168 2837 de
1196 2759 1342 2839 Orsiere
1368 2760 1596 2863 praedictam

77 2879 242 2956 Domum
284 2876 433 2956 laeserit
471 2877 668 2955 occasione
710 2875 800 2955 dicti
842 2880 1017 2965 nemoris,
1047 2877 1322 2957 condamnetur
1356 2878 1394 2958 in
1422 2879 1534 2959 rebus
1561 2890 1599 2959 et

78 3025 236 3098 persona
265 3009 302 3075 et
320 3011 421 3076 extra
443 3008 579 3074 terram
601 2994 819 3097 expellatur.
835 2997 930 3077 Item
949 2996 1158 3077 Castellano
1177 2997 1343 3093 mandat,
1364 3007 1407 3077 ut
1425 2999 1597 3094 domum,

79 3144 190 3217 quarn
221 3116 255 3195 ei
285 3115 378 3194 dixit
404 3114 501 3218 apud
531 3113 694 3206 Chillon,
723 3114 844 3194 lacera
873 3143 949 3194 non
977 3114 1136 3194 differat.

241 3267 283 3349 (Ε
305 3267 381 3331 Tab.
405 3268 438 3328 S.
461 3266 625 3329 Bernardi.
649 3267 822 3342 Gannico,
846 3269 925 3329 Doo.
939 3269 1069 3347 relatiss
1084 3269 1105 3328 ὰ
1120 3269 1230 3331 l’Ha‘at.
1247 3271 1291 3332 du
1310 3269 1444 3344 Valloc's,
1461 3269 1550 3332 Tom.
1567 3271 1598 3345 I,

158 3367 241 3427 Doo.
265 3367 335 3438 605,
359 3383 430 3443 pag.
454 3366 538 3442 528).

134 3627 354 3696 CDLXXXV.
388 3667 420 3675 --
450 3619 724 3695 oonfirmotio
751 3603 1059 3712 posscssionum
1091 3624 1202 3697 Mon.
1229 3623 1544 3697 abundantiae.

554 3806 639 3870 1225.
663 3805 753 3882 Apud
773 3804 899 3883 Aquam
921 3805 1055 3868 Ballam.

155 3975 333 4064 Thomas
361 3999 487 4052 comes
514 3967 723 4050 Sabaudiae
751 3971 852 4050 etin
883 3971 988 4051 ltalia
1008 3971 1188 4064 marchio,
1207 3971 1345 4052 Domui
1367 3972 1414 4050 de
1443 3972 1599 4052 Habon-

77 4093 206 4173 dantia
235 4092 436 4171 confirmat
454 4118 587 4168 ontnes
605 4090 860 4193 possessiones
881 4104 918 4169 et
932 4098 1028 4192 jura,
1045 4090 1122 4170 sive
1148 4090 1242 4170 haec
1262 4091 1402 4171 luerint
1420 4119 1465 4170 ex
1489 4090 1600 4195 largi·

79 4213 182 4291 tione
213 4211 461 4291 Dominorum
491 4209 537 4288 de
566 4211 756 4303 desterno,
795 4209 851 4288 rel
892 4210 1052 4290 aliorum
1088 4210 1133 4288 da
1163 4210 1432 4290 mandamento
1461 4219 1508 4289 de
1535 4211 1599 4290 Fe·

76 4346 218 4420 sterno,
246 4333 382 4411 autde
410 4330 570 4436 Alingio,
598 4331 676 4410 sive
705 4331 751 4408 de
780 4329 952 4424 Monteis,
979 4332 1057 4410 siva
1085 4359 1105 4408 a
1132 4330 1245 4408 domo
1278 4329 1505 4436 Agaunensi.
1532 4331 1599 4432 Ey-

77 4480 208 4531 marus
237 4451 538 4530 Mauriennensis
565 4450 760 4551 episcopus
788 4451 939 4528 chartae
966 4449 1131 4553 sigillum
1161 4477 1272 4529 sunm
1300 4448 1480 4553 apposuit.

241 4604 283 4684 (Ε
303 4603 381 4666 rab.
404 4603 538 4665 Monost.
561 4601 789 4696 Abundantius.
814 4601 1030 4674 Gurcrrunon,
1052 4601 1141 4666 Hoc.
1169 4604 1244 4666 aaa.
1268 4603 1417 4678 Pronoea,
1440 4621 1511 4682 pag.
1536 4604 1599 4681 54).

281 4897 514 4966 GDLXXXVI.
544 4933 578 4945 -
609 4891 773 4966 rosum
800 4912 894 4964 oum
923 4892 1147 4966 commune
1175 4891 1403 4964 (donnanae.

542 5079 630 5149 1225,
655 5081 691 5137 10
712 5075 814 5138 Junii.
837 5075 909 5136 Iud.
933 5095 1011 5138 xiii.
1034 5075 1138 5137 Actae.

154 5249 320 5327 Thomas
346 5272 472 5325 comas
501 5245 710 5324 Saliandiae
750 5243 933 5346 promittit
961 5244 1074 5322 Porco
1103 5243 1149 5320 de
1177 5239 1304 5321 Porcis
1338 5255 1375 5318 et
1412 5240 1600 5321 Gulielmo

74 5366 272 5446 Pittavicia
292 5365 432 5444 nuntiis
452 5363 666 5444 communis
684 5363 842 5457 lancae,
860 5362 960 5466 qnod
981 5361 1137 5442 habebit
1155 5359 1194 5440 in
1215 5359 1367 5441 servitio
1387 5359 1601 5440 communis
