4070 6186
420 297 526 404 '154
860 336 1057 405 suanam
1087 335 1289 407 courruu
1317 337 1562 408 suauumun

736 665 880 734 ODXVI.
907 703 945 716 -
971 665 1080 736 Ιοιο
1108 662 1202 737 vlcc
1229 683 1367 738 conrcc
1392 665 1686 759 Augustanus.

1037 812 1126 887 1206,
1147 829 1249 874 mense
1269 811 1385 894 Aprili.

530 967 694 1049 Thomas
721 995 847 1048 comes
874 966 1174 1049 Mauriannensis
1193 969 1287 1050 etin
1314 968 1421 1050 ltalia
1439 968 1609 1050 marchio
1628 970 1800 1052 concedit
1826 971 1860 1052 in
1875 971 1934 1052 leu-

453 1088 543 1170 dum
572 1089 709 1171 Bosoui
736 1087 962 1192 Augustensi
987 1088 1067 1168 vioe
1093 1087 1222 1170 comiti
1249 1100 1412 1169 castrum
1441 1090 1488 1170 de
1515 1088 1604 1170 villa
1630 1089 1846 1191 (Chellant).

612 1241 654 1323 (Ε
676 1241 752 1306 ch.
774 1241 914 1303 Brauon
933 1259 977 1302 nn
998 1241 1137 1305 Onnvon
1158 1241 1354 1322 transcripsit
1374 1261 1405 1322 p.
1429 1243 1580 1306 (lamillus
1603 1243 1808 1324 Dcnugings).

725 1509 964 1578 cnxvl1.-
991 1505 1188 1590 Kartum,
1217 1509 1417 1592 chtcnn,
1444 1506 1699 1579 Hcldnnnnr.

849 1652 938 1727 120⁷,
959 1653 976 1715 1
998 1651 1098 1715 Junii.
1121 1651 1192 1715 Ind.
1216 1672 1279 1716 vu.
1301 1653 1395 1735 Apud
1415 1654 1585 1718 Basilesm.

526 1813 720 1919 Philippus
747 1814 1005 1896 Romanorum
1024 1837 1090 1893 rex
1107 1811 1292 1893 Thomam
1311 1812 1491 1894 comitem
1509 1811 1723 1896 Sabaudiae
1743 1813 1943 1919 consangui-
2007 1801 2008 1828 ¹

455 1962 571 2018 neum
597 1961 709 2016 suum
737 1932 784 2013 ad
810 1932 1063 2038 praesentiam
1089 1959 1198 2013 suam
1225 1932 1466 2014 accedentem
1486 1933 1639 2014 investit
1656 1961 1723 2037 per
1749 1935 1820 2016 tria
1837 1933 1942 2014 serilla

454 2056 502 2137 de
528 2053 712 2136 universis
738 2051 863 2150 honis,
881 2078 977 2156 quae
1004 2078 1071 2154 per
1087 2049 1344 2134 successiones
1363 2079 1385 2132 a
1401 2052 1480 2133 suis
1499 2052 1802 2160 progenitoribus
1820 2049 1945 2156 recepit,

455 2201 625 2280 quaeque
643 2185 748 2255 tenet
764 2172 812 2254 ab
830 2173 1001 2276 Imperio,
1021 2171 1130 2274 eique
1150 2169 1256 2253 addit
1278 2171 1415 2252 Villam
1444 2172 1491 2252 de
1509 2172 1624 2253 Karia
1645 2199 1716 2254 nec
1732 2200 1810 2253 non
1833 2172 1943 2253 Villan

455 2297 503 2376 de
529 2294 699 2386 Testem,
727 2320 814 2374 oum
837 2292 941 2372 omni
956 2297 1043 2395 jure
1061 2302 1100 2371 et
1121 2290 1345 2396 integritate,
1363 2292 1685 2395 quemadmodum
1704 2295 1750 2373 ad
1772 2293 1943 2397 imperium

456 2426 621 2518 spectare
657 2413 940 2520 dignoscuntur.
967 2412 1163 2492 Praeterea
1197 2409 1244 2491 ab
1276 2408 1501 2515 imperatore
1534 2412 1667 2517 recipit
1699 2413 1738 2494 in
1767 2413 1873 2495 ieodo
1897 2440 1945 2490 ca·

455 2549 577 2616 strum
604 2533 795 2630 Meiduni,
822 2532 1045 2637 promittens
1072 2557 1161 2611 eum
1188 2530 1228 2610 in
1261 2530 1341 2636 ipso
1377 2545 1496 2612 castro
1531 2545 1751 2613 mantenere
1778 2545 1817 2613 et
1842 2547 1945 2613 contra

457 2683 589 2736 omnes
616 2653 795 2737 homiues
821 2652 1029 2733 defensare.

530 2776 658 2857 Testes
684 2773 898 2877 complures
925 2769 1207 2874 archiepiscopi,
1235 2769 1396 2873 episcopi
1417 2783 1455 2853 et
1474 2771 1641 2864 comites,
1660 2771 1761 2853 inter
1786 2800 1877 2876 quos
1895 2773 1946 2851 llo-

456 2894 632 2997 dolphus.
649 2892 695 2973 de
713 2893 887 2995 Hauspur
913 2903 950 2970 et
977 2888 1161 2970 Henrious
1190 2889 1237 2970 de
1273 2889 1600 2994 Soharpfinbaum.

613 3046 835 3130 (Gnrcnruon,
856 3043 942 3106 Hist.
965 3043 1055 3119 Gen„
1076 3043 1225 3119 Raucae,
1247 3060 1320 3125 pag.
1344 3044 1407 3123 48).

813 3311 992 3383 cnxvlss.
1021 3351 1057 3362 —
1085 3307 1390 3382 Ecnutcrtnnr
1416 3307 1611 3397 Alponos.

733 3461 822 3536 ΗΜ,
843 3460 882 3522 28
901 3457 990 3524 mcii.
1010 3458 1104 3540 Apud
1123 3456 1384 3538 Aquam-Bellum
1403 3457 1438 3521 in
1459 3457 1549 3521 domo
1571 3457 1704 3521 Olarilli.

532 3622 696 3701 Thomas
723 3645 849 3700 comes
876 3615 1119 3699 Mauriennae
1137 3628 1177 3695 et
1194 3614 1360 3697 marchio
1378 3615 1419 3696 in
1440 3614 1549 3696 Italia
1567 3616 1797 3699 monasterio
1817 3612 1950 3719 Alpensi

458 3740 679 3822 donationes
696 3737 744 3820 ab
763 3737 945 3820 Umberto
963 3734 1112 3824 comite,
1134 3763 1202 3816 avo
1220 3734 1335 3839 patris
1353 3735 1424 3822 sui,
1443 3734 1601 3839 aliisque
1620 3735 1734 3816 factas
1761 3735 1951 3818 confirmat,
2009 3779 2010 3788 ι

458 3873 559 3942 etse
585 3857 804 3941 monasterii
829 3856 1067 3939 defensorem
1094 3853 1291 3936 coustituit
1316 3881 1440 3936 coram
1470 3855 1643 3959 episcopo
1665 3853 1951 3942 Gebennensiet

458 3979 700 4062 laudantibus
727 3977 801 4058 illis
828 3977 875 4058 de
901 3977 1079 4070 Rerorea,
1096 3972 1239 4055 scilicet
1266 3973 1477 4055 Humberto
1503 3985 1541 4054 et
1563 3976 1734 4078 Armene
1763 3973 1872 4053 fratre
1889 3979 1950 4070 ejus

459 4113 497 4179 et
521 4101 632 4180 Petro
658 4096 939 4204 consanguineo
967 4093 1133 4199 ipsorum
1161 4107 1231 4173 etc.

536 4221 663 4300 Testes
691 4227 780 4298 sunt
816 4214 993 4296 Ricardus
1028 4214 1075 4293 de
1103 4215 1277 4307 Camere,
1304 4213 1426 4319 Guigo
1459 4213 1506 4293 da
1542 4213 1645 4306 Teis,
1671 4212 1895 4293 Vullielmus
1917 4209 1951 4286 de

458 4340 611 4432 Bellort,
637 4335 834 4417 Mauritius
861 4333 1029 4415 notarius
1055 4333 1216 4428 comitis,
1244 4331 1446 4413 Guifredus
1475 4331 1724 4412 marescalcus
1752 4343 1790 4411 et
1806 4329 1950 4413 Jacobos

460 4455 728 4539 Bartholomei.

533 4574 767 4656 Humbertus
793 4573 894 4678 prior
921 4571 1109 4653 Stamedei
1138 4571 1295 4675 scripsit.

616 4727 670 4812 (E.
693 4727 732 4791 R.
756 4725 832 4790 uec.
856 4724 1051 4789 Taurinensi.
1075 4725 1281 4798 corennum,
1304 4723 1388 4787 Hist.
1412 4723 1502 4798 Gen,
1524 4724 1674 4796 Praenes,
1696 4741 1768 4803 pag.
1792 4723 1856 4802 49).

886 4993 1030 5062 ODXIX.
1060 5031 1096 5042 -
1124 4991 1276 5062 Petrus
1309 4987 1537 5061 Hercvlllt.

720 5139 807 5215 1208,
831 5139 850 5198 4
872 5137 973 5202 iunii.
994 5136 1034 5199 In
1055 5137 1192 5203 claustro
1212 5137 1245 5201 Β.
1269 5136 1426 5200 Jchcnnic
1446 5135 1708 5200 Mauriennsnrir.

532 5299 666 5380 Petrus
705 5294 887 5378 Meravilli
919 5291 1019 5376 cedit
1054 5291 1231 5375 ecclesiae
1259 5295 1293 5374 S.
1321 5292 1508 5375 Johannis
1542 5293 1731 5398 Baptistae
1765 5317 1875 5374 omne
1901 5294 1949 5388 jus

459 5421 559 5524 qarod
580 5417 627 5499 ab
654 5417 719 5500 illa
744 5415 916 5514 tenebat3
942 5426 981 5497 ct
1006 5412 1177 5496 canonici
1204 5413 1430 5518 promittunt
1454 5413 1642 5517 praedicto
1660 5414 1772 5496 Petro
1797 5413 1836 5493 in
1862 5406 1948 5490 obitu
