4096 6190
567 339 771 407 CASTRUM
797 336 1054 404 MONTOXOLI
1497 334 1567 399 295

50 580 227 684 Alioquin
255 605 455 683 personam
483 584 564 679 ejus
591 603 635 657 er
662 587 753 656 tunc
780 573 1141 656 excomunicationis
1160 569 1347 652 sententia
1367 599 1410 652 ac
1427 585 1567 652 terram

51 699 265 779 nniversam
295 725 363 780 sua
377 695 622 798 juridictione
641 695 872 800 suppositam
892 693 1142 774 ecclesiastico
1161 691 1359 772 interdicto
1382 689 1569 771 subiiciet.

52 819 91 896 D.
121 819 265 897 Jannae
292 819 327 894 V
354 816 443 897 Idus
467 815 565 917 junii
594 842 692 894 anno
722 814 818 894 VIII.

211 986 373 1067 (Bosora,
396 987 458 1048 Les
479 987 639 1064 Ropistrcs
660 985 842 1046 d’quoccct
863 985 928 1057 IV,
951 984 1039 1045 Tom.
1062 982 1108 1057 ΙΙ,
1133 981 1211 1044 Doo.
1235 983 1325 1055 5848,
1348 1000 1418 1060 pag.
1441 980 1546 1058 5842).

205 1399 383 1467 DCCCLX.
422 1438 452 1446 -
488 1394 683 1466 castrum
710 1393 944 1478 Montoxolt
972 1396 1016 1463 et
1044 1393 1240 1465 (teatrum
1268 1393 1415 1464 Vetus.

496 1613 585 1682 1251,
607 1613 625 1668 2
647 1610 678 1670 d.
702 1609 791 1670 Julii.
815 1609 884 1669 Ind.
910 1629 958 1670 rx.
983 1607 1122 1670 Taurini.

129 1811 326 1890 GaII'redus
363 1811 652 1891 archidiaconus
692 1822 730 1888 et
769 1807 983 1888 Gotifrodus
1025 1809 1257 1911 praepositus
1296 1804 1569 1886 Thaurinensis

48 1958 139 2010 cum
178 1929 341 2033 capitulo
380 1944 417 2009 et
449 1930 638 2008 canonicis
674 1928 842 2028 ejusdem
877 1927 1098 2020 eccclesiae,
1131 1925 1309 2006 fratribus
1345 1923 1568 2020 minoribus,

48 2047 228 2128 fratribus
256 2048 480 2142 humiliatis,
509 2045 762 2151 hospitalariis
789 2057 826 2124 et
865 2046 1069 2149 templariis
1097 2059 1134 2125 et
1168 2043 1393 2146 quibusdem
1423 2041 1568 2146 cappel-

47 2167 163 2260 laniS,
195 2194 318 2246 coram
359 2166 568 2246 Laurenoio
609 2165 782 2268 episcopo
824 2163 1011 2245 Rottrensi
1046 2163 1263 2268 interrogati
1302 2189 1367 2263 per
1403 2161 1567 2241 eundem

46 2288 268 2388 episcopum
290 2285 326 2364 in
348 2285 557 2386 praeseutia
578 2284 744 2363 Thomas
765 2286 810 2362 de
829 2283 1018 2364 Sabaudia
1039 2282 1200 2374 comitis,
1220 2283 1250 2361 si
1279 2281 1422 2362 dictum
1442 2307 1569 2359 comes

48 2405 207 2483 tenebat
233 2403 377 2506 aliquas
404 2431 474 2494 reS,
502 2403 756 2504 possessiones
784 2431 847 2483 seu
873 2431 958 2505 pura
985 2401 1209 2506 pertinentia
1237 2401 1282 2480 ad
1312 2399 1568 2503 episcopatum

45 2553 120 2603 seu
148 2525 364 2625 episcopum
394 2522 704 2608 Thaurinensem
723 2522 997 2626 responderunt
1016 2550 1102 2614 noo,
1121 2521 1220 2624 quod
1239 2521 1389 2608 scirent,
1416 2530 1569 2621 excepto

47 2654 174 2721 castro
201 2642 408 2720 Montoxoli
436 2630 473 2719 et
500 2652 619 2720 oestro
647 2643 794 2730 Vetere,
822 2669 917 2743 quae
944 2655 1062 2721 castra
1102 2655 1207 2719 erant
1247 2639 1284 2718 in
1325 2637 1569 2741 dispositione

45 2759 199 2840 domini
226 2788 353 2864 papae.
390 2761 455 2841 Cui
484 2787 612 2839 comes
640 2761 744 2856 dixit,
770 2763 871 2863 qnod
908 2762 939 2841 si
977 2788 1073 2863 quae
1101 2759 1255 2839 tenebat
1283 2760 1329 2837 de
1356 2757 1568 2861 praedictis,

46 2894 203 2983 paratus
220 2893 300 2959 erat
319 2881 419 2959 dioto
438 2879 611 2982 episcopo
645 2879 841 2959 restituere
876 2881 912 2958 in
948 2879 1125 2958 manibus
1166 2878 1254 2958 dicti
1291 2877 1454 2980 episcopi
1487 2876 1571 2956 Rol'·

43 2999 199 3094 I'rensis,
229 2999 383 3078 nomine
410 2999 526 3079 Electi
554 2999 824 3078 Thourinensis
852 2999 1080 3103 recipientis.

130 3120 223 3198 Item
253 3118 290 3200 in
319 3118 428 3221 plena
455 3118 632 3200 contione
660 3118 819 3199 civitatis
847 3118 1118 3198 Thaurincnsis
1149 3144 1253 3198 more
1281 3116 1392 3196 solito
1411 3142 1566 3222 congre·

44 3251 137 3344 gata
164 3249 355 3316 eteorum
394 3238 493 3318 dicto
535 3237 740 3317 Lauroncio
781 3237 954 3341 episcopo
994 3239 1181 3318 Roisrensi
1209 3250 1245 3316 et
1273 3234 1451 3316 omnihus
1486 3233 1568 3315 aliis

45 3355 225 3458 superius
253 3357 458 3437 nominatis
487 3358 580 3436 dixit
606 3358 770 3437 Thomas
798 3359 845 3438 de
874 3357 1062 3438 Sabaodia
1089 3385 1225 3449 comes,
1254 3356 1353 3460 quod
1373 3353 1569 3434 bonafide

46 3474 368 3556 rehediiicoverat
395 3489 556 3555 castrum
588 3477 790 3556 hIoutoxoli
812 3477 857 3555 ad
876 3476 1099 3556 instanciam
1129 3489 1166 3555 et
1191 3502 1319 3578 preces
1346 3474 1569 3554 clericorum

47 3609 90 3675 et
132 3594 312 3674 laicorum
354 3595 513 3674 civitatis
553 3595 823 3674 Thaurinensis
861 3624 926 3698 pro
968 3596 1068 3675 hono
1110 3609 1147 3674 et
1189 3594 1347 3675 utilitate
1383 3591 1569 3674 Ecclesiae

41 3714 325 3794 Thaurineusis
341 3729 379 3794 et
399 3715 512 3794 totius
531 3715 703 3809 civitatis
724 3730 762 3793 et
777 3716 928 3794 fuerunt
943 3743 1075 3794 omnes
1094 3715 1309 3820 interrogati
1327 3740 1391 3816 per
1406 3711 1569 3791 eundem

34 3833 225 3912 comitem
255 3848 292 3911 et
319 3832 549 3934 praedictum
580 3833 795 3935 episcopum
824 3834 1070 3922 Ross'reusem,
1091 3835 1121 3912 si
1142 3845 1220 3912 erat
1241 3859 1380 3911 verum.
1401 3831 1571 3934 Respon-

32 3980 129 4031 sum
161 3951 347 4030 dedernnt
380 3979 512 4031 omnes
555 3953 653 4054 quod
695 3953 749 4031 sic
790 3967 870 4031 erat
909 3980 1049 4032 verum.
1092 3955 1135 4032 Et
1175 3951 1316 4032 ibidem
1349 3949 1568 4053 praesertim

36 4071 204 4174 quidum
245 4073 449 4150 cononicus
495 4071 764 4151 Thaurinensis
805 4071 998 4151 confessus
1039 4073 1109 4151 Iuit
1155 4105 1171 4143 u
1212 4071 1311 4173 quod
1340 4073 1371 4149 si
1400 4083 1564 4149 castrum

37 4189 253 4270 Montoxoli
281 4190 328 4268 ad
357 4217 490 4268 manus
510 4189 626 4269 Eleeti
654 4219 720 4270 seu
749 4191 913 4293 episcopi
934 4191 1204 4271 Thaurinensis
1224 4189 1446 4292 pervenerit,
1464 4189 1566 4290 quod

37 4311 173 4412 ipsum
202 4308 307 4389 nullo
336 4309 447 4388 modo
477 4323 604 4388 tenere
632 4309 768 4412 poterit
796 4337 859 4412 per
888 4310 1096 4398 biennium,
1124 4311 1275 4413 quando
1304 4307 1496 4411 perveniet
1523 4307 1568 4386 ad

39 4455 188 4508 manns
215 4427 455 4508 inimicorum
485 4427 673 4508 Ecclesiae
702 4429 945 4508 Taurinensis
975 4465 1008 4505 u.

126 4551 264 4626 Actum
293 4547 331 4627 in
359 4548 538 4627 Thaurin.
556 4607 588 4622 ..
632 4549 669 4626 in
698 4549 841 4648 porticu
874 4549 1025 4648 majoris
1053 4548 1245 4628 ecelesias.

128 4665 273 4744 Testes:
296 4666 510 4746 Bonisacins
529 4666 701 4767 Arpinus,
720 4667 960 4747 Jaoomaoius
979 4669 1142 4746 Becutus
1161 4665 1387 4758 thaurinius‚
1407 4664 1571 4745 Iacobus

38 4783 276 4866 Trombator
302 4799 339 4863 et
367 4784 493 4886 plures
521 4782 594 4863 alii.
620 4784 786 4864 Jacobus
814 4787 987 4865 Cornelle
1016 4786 1182 4866 notarius
1210 4784 1381 4865 interfuit
1407 4798 1444 4864 et
1475 4783 1572 4864 hanc

39 4915 196 4984 cartam
225 4902 387 4982 tradidit.

215 5071 257 5153 (E
279 5073 317 5132 R.
341 5071 417 5134 st.
443 5073 640 5133 Teurinensi.
668 5074 816 5134 Cortorio
839 5072 1004 5145 Subando,
1025 5073 1095 5133 Vol.
1118 5071 1151 5146 Ι,
1175 5071 1233 5135 ool.
1257 5072 1327 5143 221,
1350 5070 1477 5131 inseris
1498 5068 1574 5130 Pro·

134 5170 237 5231 tocotlt
257 5170 308 5230 dci
330 5169 489 5247 deprctari
510 5170 628 5242 duculi,
652 5171 673 5230 t.
698 5173 765 5231 226.
789 5169 1000 5249 Transcripsit
1022 5169 1187 5248 Philippus
1209 5169 1407 5246 Saurcrno).
