4096 6190
456 319 527 386 286
857 315 1053 385 nudasse
1081 316 1284 386 commum
1312 318 1557 387 SABAUDIAII

449 558 534 639 latis
561 557 779 662 quindecim
808 557 929 638 millia
961 583 1171 640 marcarum
1208 559 1354 664 argenti
1390 555 1549 662 petebat.
1583 561 1721 640 Contra
1749 559 1956 638 Willelmus

450 678 586 758 Comes
613 677 752 757 multas
778 678 851 757 sibi
880 704 900 755 a
930 678 1038 758 Patro
1066 679 1222 780 injurias
1250 678 1371 759 illatas
1399 677 1592 758 referebat.
1612 676 1809 781 Philippus
1828 677 1956 770 statuit,

451 807 493 876 ut
518 822 644 877 comcs
671 797 780 876 Petro
808 795 928 876 solvat
954 797 1086 876 decem
1116 797 1220 876 milia
1247 824 1458 876 marcarum
1479 797 1632 900 argenti,
1651 823 1715 899 pro
1734 797 1873 899 quibus
1892 796 1955 898 ipse

450 916 581 995 Petrus
615 915 770 1020 pignore
812 915 950 994 habeat
982 928 1148 996 castrum
1184 916 1451 1003 Gebennense,
1485 928 1649 994 castrum
1690 916 1737 994 de
1777 915 1955 999 Baleison.

450 1047 612 1114 castrum
642 1034 688 1114 de
715 1034 768 1114 les
790 1033 920 1136 Clayas
941 1033 979 1113 in
998 1034 1146 1114 Wauht
1164 1046 1201 1114 et
1220 1035 1375 1114 feudum
1395 1035 1441 1114 da
1461 1035 1670 1140 Langyers3
1690 1037 1732 1112 et
1751 1033 1955 1113 feudatariis

450 1163 487 1231 et
513 1151 680 1232 vassallis
706 1152 762 1232 sui
791 1152 1020 1256 spraeoipiat,
1050 1165 1090 1231 ut
1118 1154 1227 1233 Petro
1255 1153 1302 1232 de
1335 1151 1524 1232 Sabaudia
1552 1154 1802 1253 respondeant
1830 1167 1870 1232 ut
1897 1153 1954 1232 do·
2026 1169 2027 1178 ‘

452 1269 569 1367 mino;
595 1269 728 1350 Petrus
756 1297 842 1350 raro
869 1270 967 1350 dicta
995 1283 1114 1350 castra
1133 1271 1315 1366 restituat,
1336 1271 1651 1373 quandocumque
1668 1297 1794 1350 comes
1822 1281 1954 1363 atejus

449 1387 521 1469 filii
557 1388 686 1469 dacem
722 1387 826 1467 milia
866 1414 1078 1467 marcarum
1118 1389 1379 1468 satisfecerint.
1408 1388 1491 1468 Alia
1526 1405 1753 1492 sequuntur,
1787 1416 1883 1492 quae
1919 1394 1953 1468 al

450 1505 621 1610 querelas
649 1507 907 1608 coadjutorum
937 1507 1097 1609 partium
1125 1519 1308 1610 spectant,
1334 1506 1477 1587 scilicet
1503 1507 1641 1588 liberos
1668 1509 1791 1588 Grassi
1821 1509 1867 1587 de
1896 1509 1953 1587 Al-

452 1625 587 1722 tarilla,
614 1629 827 1728 Aymoncm
855 1625 902 1706 de
930 1625 1038 1722 Aula,
1065 1624 1305 1706 Willelmum
1342 1625 1389 1706 de
1425 1627 1622 1729 Greysiaoo
1664 1627 1882 1707 llntelmum
1918 1629 1953 1706 de

453 1743 618 1847 ByleinS‚
647 1757 715 1824 ete.

610 1931 652 2012 (2
674 1931 713 1992 R.
737 1929 812 1992 rab.
836 1931 1032 2006 Taurinam,
1055 1932 1194 1994 Baronie
1215 1933 1253 1994 de
1280 1933 1381 1994 Vaud.
1407 1931 1497 1995 Fauo.
1513 1933 1541 2007 1,
1557 1953 1590 1993 n.
1606 1934 1636 1993 8.
1652 1933 1951 2005 Wumrmrssrrcra,

531 2029 620 2091 Hlat.
642 2029 731 2091 Petri
750 2029 804 2101 II,
828 2029 922 2090 Prol.
940 2027 1022 2091 ‘Doc
1046 2031 1127 2110 127).

791 2439 1038 2507 DCOOXXXII.
1068 2479 1103 2488 -
1132 2433 1278 2508 Gomon
1306 2435 1601 2508 (tabennensis.

953 2651 1041 2722 1250,
1064 2651 1102 2709 29
1123 2649 1153 2710 d.
1178 2649 1277 2710 Iunii.
1301 2649 1464 2710 Gobannio.

499 2852 719 2933 Willelmus
738 2876 864 2931 comes
884 2849 1156 2939 Gebennansis,
1176 2862 1214 2927 et
1232 2848 1418 2928 Rudull'us
1437 2846 1538 2927 filius
1557 2855 1638 2948 ejus
1660 2849 1839 2929 universis
1858 2851 1946 2928 haro·

450 2971 561 3051 nibus
589 2983 626 3050 et
652 2983 690 3049 et
729 2968 812 3050 aliis
846 2967 1035 3048 nobilibus
1071 2966 1300 3061 hominibus,
1334 2967 1433 3046 inter
1467 2968 1602 3046 Arvam
1630 2980 1668 3045 et
1698 2968 1890 3047 Dranoiam
1915 2985 1944 3042 et

450 3091 599 3170 Clusam
628 3089 674 3170 de
700 3088 773 3170 laiz
800 3102 838 3168 et
863 3101 1016 3192 pontem
1045 3088 1090 3167 de
1117 3087 1254 3192 Barges
1284 3086 1528 3176 morantibus,
1551 3085 1942 3186 pontoponto

450 3209 641 3289 Sahaudia
667 3209 917 3311 respondeant
944 3219 981 3286 et
1008 3207 1223 3302 intendant,
1242 3205 1564 3309 quemadmodum
1586 3203 1659 3284 sihi
1687 3203 1941 3308 respondebant

448 3328 494 3408 de
531 3327 716 3434 homagiis
751 3341 789 3408 et
815 3327 945 3416 feudis,
963 3353 1058 3429 quae
1078 3325 1125 3406 ab
1144 3324 1235 3429 ipsis
1248 3308 1395 3420 tenent,
1413 3325 1571 3404 durante
1591 3323 1789 3403 feudorum
1812 3323 1940 3430 gageria

450 3447 560 3527 Petro
588 3447 695 3526 lacta.

607 3635 647 3714 (a
662 3636 703 3695 Β.
718 3635 794 3696 Tab.
811 3634 1007 3706 Tsurinenai,
1023 3633 1146 3695 Irrccut.
1163 3633 1205 3694 du
1224 3632 1383 3704 Gmeooia,
1401 3632 1476 3692 Fac.
1498 3631 1526 3706 Ι,
1541 3651 1573 3692 ιι.
1594 3633 1623 3694 4.
1649 3631 1937 3698 Wunsrnrssnosn

527 3731 614 3794 Hiat.
638 3733 726 3794 Petri
748 3733 801 3805 II,
825 3732 919 3793 Prot.
942 3733 1021 3794 Dor.
1044 3732 1128 3810 251).

789 4139 1054 4207 DOCCXXXHI.
1084 4176 1119 4186 -
1149 4135 1295 4207 como·
1322 4135 1617 4208 (tabennensis.

945 4347 1034 4419 1250,
1057 4347 1095 4404 29
1116 4346 1147 4406 d.
1171 4347 1272 4412 Iunii.
1297 4347 1460 4410 GabanuIa.

520 4543 742 4626 Willelmus
769 4571 894 4625 comes
934 4544 1194 4624 Gehennensis
1222 4558 1259 4624 et
1285 4546 1467 4625 Radullus
1491 4545 1592 4625 filius
1626 4553 1708 4646 ejus
1739 4545 1869 4626 Iacobo
1896 4543 1931 4620 de

446 4668 633 4767 Cossonay
660 4664 858 4756 mandant,
887 4677 927 4743 ut
954 4664 1061 4744 faciat
1088 4662 1311 4743 fidelitatem
1340 4668 1447 4743 Petro
1469 4664 1515 4744 de
1536 4666 1722 4744 Sabaudia
1751 4667 1797 4746 de
1822 4662 1931 4748 leudis.

444 4812 540 4888 quae
567 4812 588 4862 a
615 4782 759 4864 Comite
786 4795 890 4861 tenet
916 4783 1014 4862 inter
1042 4783 1202 4863 llumina
1230 4786 1349 4862 llrrae
1377 4799 1413 4862 et
1440 4784 1629 4864 Dranciae.

604 4970 707 5051 (ER.
731 4969 808 5030 Tau.
833 4969 1028 5044 Taurinausi‚
1051 4971 1173 5031 Irrucrrt.
1198 4971 1236 5030 dc
1263 4971 1364 5030 Vorrd.
1390 4969 1478 5036 Fauo.
1496 4969 1590 5044 XIII,
1610 4969 1662 5030 'Iit
1678 4971 1842 5049 Oosaonny,
1860 4988 1887 5029 n.
1905 4965 1927 5024 l·

522 5069 819 5138 Vuasrsuunaoua,
842 5066 928 5126 Hlat.
952 5067 1041 5128 Petri
1061 5067 1114 5140 ΙΙ,
1137 5067 1229 5127 Prob.
1253 5067 1330 5127 Duc.
1355 5069 1488 5144 acic).-
