4050 6188
882 324 1079 394 anebsan
1107 329 1309 398 OOMITUM
1338 333 1584 403 sanaenlan

1442 450 1942 469 Ἦ

1441 468 1943 488 ---.-.-.-

805 747 977 818 onxclx.
1014 783 1065 802 -
1100 746 1348 822 Ecclesia
1384 750 1664 828 ulciensis.

882 939 968 1034 1227,
991 961 1011 1020 8
1033 961 1205 1026 Februarii.
1228 965 1299 1028 Ind.
1322 983 1380 1025 xv.
1403 965 1593 1031 Avilliance.

548 1156 714 1234 Thomas
742 1183 869 1236 comes
897 1159 1140 1240 Mauriennae
1168 1162 1270 1242 etin
1301 1165 1407 1245 ltalia
1426 1167 1596 1248 marchio
1614 1170 1803 1250 Ecclesiae
1822 1173 1942 1252 Uloiensi

470 1275 672 1354 conlirrnat
689 1276 873 1380 quidquid
894 1278 1101 1358 Avillianae
1131 1292 1242 1373 tenet,
1269 1283 1380 1364 salvis
1410 1287 1549 1390 usagiis
1577 1289 1726 1370 comitis
1746 1305 1784 1368 et
1801 1295 1946 1369 consuetis

472 1391 658 1472 censibus.

548 1513 677 1592 Testes
709 1515 862 1595 luerunt
887 1517 1043 1598 Pontius
1070 1522 1301 1625 praepositus
1329 1525 1363 1604 S.
1401 1527 1595 1618 Antonini,
1622 1528 1739 1609 David
1767 1529 1946 1612 castellanos

470 1629 688 1726 Avillianee‚
715 1633 848 1715 Petrus
874 1635 921 1717 de
949 1638 1078 1735 Tenet,
1108 1640 1239 1723 Petrus
1266 1644 1314 1723 de
1341 1645 1515 1724 Mascotc.

547 1753 738 1834 Conradus
767 1757 858 1858 Imp.
876 1758 993 1838 Aulae
1024 1761 1191 1840 notarius
1218 1763 1377 1866 scripsit.

630 1923 848 2006 (Ohartarinm
869 1928 1024 2004 Ulcicnac,
1047 1930 1126 1992 Doc.
1151 1933 1187 2006 0,
1210 1952 1281 2012 pag.
1305 1935 1354 1996 98.
1378 1935 1426 1996 (ll.
1450 1936 1529 1998 Doe.
1553 1943 1719 2016 cnxovrr).

776 2305 815 2369 D.
848 2343 882 2352 -
910 2302 1156 2396 Margarita
1183 2306 1403 2379 comitissa
1431 2311 1683 2385 sabaudiae.

1068 2521 1141 2584 Sino
1163 2540 1247 2584 enno
1266 2526 1297 2585 et
1317 2524 1396 2586 loeo.

549 2719 595 2798 M.
624 2719 815 2799 comitissa
844 2721 1065 2813 Sabandiae,
1093 2751 1185 2802 uxor
1212 2723 1443 2804 marchionis
1464 2725 1503 2804 in
1523 2725 1641 2814 ltalia,
1660 2725 1834 2806 omnibns
1859 2720 1948 2805 castel·

475 2837 569 2916 lenis
597 2852 634 2917 et
661 2838 795 2919 villicis
823 2842 1011 2944 praecipit,
1041 2869 1088 2921 ne
1115 2842 1402 2948 pedaginmvel
1443 2843 1591 2947 leydam
1620 2847 1667 2926 de
1695 2845 1864 2925 fratribus
1893 2846 1946 2922 er-

474 2956 732 3038 tbnsiensibus
760 2959 1067 3066 recipientque
1095 2962 1312 3042 decessores
1343 2961 1402 3043 sni
1430 2964 1629 3068 praedictis
1660 2964 1849 3044 Fratribus
1874 2991 1907 3040 ca
1926 2961 1946 3038 ir

473 3075 751 3180 eleemosynam
781 3079 973 3159 dederant.

631 3249 685 3332 (E.
709 3250 787 3312 Teb.
812 3252 997 3316 (larthuaiee
1018 3253 1167 3334 Meyricc.
1191 3255 1389 3319 Gnrcncnon
1410 3257 1498 3320 Hiet.
1527 3259 1601 3321 eet.
1624 3257 1774 3330 Probare,
1796 3275 1864 3338 peg.
1884 3257 1928 3328 55)-

619 3610 674 3676 DI.
706 3649 739 3657 —
768 3608 907 3701 Aymc
936 3608 1235 3683 resecandis
1264 3615 1308 3684 et
1336 3612 1519 3687 ubertus
1548 3610 1837 3684 Harcrcalenr.

900 3825 989 3897 1227,
1014 3825 1051 3884 27
1074 3824 1250 3886 Februarii.
1274 3824 1345 3886 Ind.
1369 3845 1393 3885 1.
1416 3825 1569 3886 Secuaiee.

548 4023 729 4116 Andreae,
759 4037 974 4127 prccnrator
1016 4024 1198 4105 Ulciensis
1233 4025 1425 4116 ecelesiae,
1468 4025 1645 4103 mandato
1673 4037 1870 4103 conventos
1893 4044 1945 4120 pro·

475 4141 589 4221 mittit
603 4143 763 4246 Ayrnoni
785 4146 830 4222 «lc
850 4143 1049 4237 Sabeorlia,
1072 4143 1150 4222 filio
1167 4145 1334 4223 Thomae
1348 4144 1509 4235 cernitis
1524 4141 1706 4223 Ubertnrn
1724 4139 1945 4223 Merescelcnn

471 4276 673 4364 captum,a
701 4262 835 4364 pascha
867 4264 1035 4366 proximo
1064 4265 1255 4365 usquead
1285 4291 1427 4342 annom
1457 4263 1552 4341 infra
1584 4262 1658 4340 elno
1688 4263 1821 4366 pascha
1849 4262 1880 4338 in
1902 4277 1946 4333 sne

473 4409 580 4484 posse
607 4380 789 4472 retinere3
818 4383 848 4462 si
879 4409 965 4460 vero
993 4382 1239 4462 blereseelcns
1275 4383 1438 4462 libertati
1466 4383 1661 4461 restitutus
1698 4397 1804 4470 esset,
1830 4392 1947 4480 atquae

473 4501 833 4583 Sabandiaecornite
848 4519 1114 4605 reposceretur,
1133 4503 1182 4581 illi
1205 4531 1243 4582 se
1262 4505 1392 4584 sistere
1414 4503 1564 4590 debeet;
1583 4501 1669 4580 etsi
1691 4531 1765 4581 non
1787 4500 1890 4590 faciet,
1906 4490 1945 4573 bl·

474 4619 608 4702 oiensis
649 4621 811 4702 Ecclesia
855 4637 1007 4702 centnm
1050 4649 1258 4702 marcarum
1302 4623 1442 4728 argenti
1477 4621 1545 4700 fini
1585 4621 1746 4722 Aymoni
1782 4618 1945 4702 satislacere

473 4742 666 4846 promittit.
1896 4849 1901 4860 ι

548 4863 687 4942 Testes:
708 4861 933 4964 Rndnlphns
953 4861 1124 4961 Delgans,
1138 4857 1325 4937 Vilelnros
1341 4858 1386 4936 de
1406 4857 1562 4944 Boscbc,
1582 4857 1745 4938 Poncins
1760 4863 1944 4962 praeposlllss

473 4983 508 5064 S.
525 4982 719 5074 Antonini,
748 4981 935 5062 Antonius
963 4982 1009 5059 dc
1037 4981 1113 5068 Ast,
1141 4979 1272 5057 Petrus
1299 4978 1573 5072 BartclonrenS,
1601 4979 1792 5059 Amadens
1828 4977 1865 5056 de
1895 4968 1943 5046 Se·

473 5101 586 5195 cnsia,
613 5101 724 5181 Aimo
752 5103 798 5180 de
826 5101 946 5194 Nono,
976 5099 1153 5178 Manchet
1180 5112 1217 5175 et
1244 5098 1379 5198 plnres.

546 5222 741 5302 lohannes
770 5220 937 5300 notarios
965 5219 1087 5298 dictos
1116 5217 1161 5296 de
1189 5217 1342 5297 Celuxio
1370 5215 1526 5318 scripsit.

633 5393 845 5474 (Charterium
868 5391 1024 5464 Ulcienae,
1047 5389 1126 5452 Doc.
1152 5389 1268 5462 OXXI,
1291 5406 1363 5468 pag.
1389 5389 1472 5465 114).
