4096 6190
462 340 533 403 304

492 770 763 838 DCOGLXXXV.
793 809 827 820 --
856 768 1068 842 Amadoco
1094 772 1156 842 1v
1183 771 1238 841 ab
1265 770 1657 843 excomunicatione
1685 772 1903 844 obsolvttvn.

960 969 1048 1042 1252,
1072 971 1110 1028 20
1130 966 1159 1028 d.
1183 968 1312 1047 Aprilis.
1335 967 1466 1028 Perusii.

535 1147 777 1228 Innocentius
803 1148 852 1227 lV
871 1147 908 1225 Ρ.
929 1147 977 1225 Μ.
997 1146 1287 1249 Arcbiepiscopo
1306 1146 1514 1226 Viennensi
1534 1147 1702 1236 mandat,
1723 1162 1766 1226 ut
1784 1149 1929 1228 Amedeus

455 1294 580 1347 eomes
607 1265 817 1346 Sabaudiae
844 1266 1058 1346 absolvatur
1085 1285 1132 1343 eu
1162 1265 1565 1362 excommunicatione,
1594 1293 1709 1369 quam
1753 1266 1928 1356 innurem,

455 1387 647 1489 sequendo
675 1395 795 1485 partes
823 1383 1000 1465 Friderioi
1030 1385 1279 1485 Imperatoris,

614 1553 656 1634 (E
679 1552 717 1615 R.
741 1552 908 1615 Tabulario
930 1553 1128 1626 Teurinensi,
1150 1554 1241 1615 Belle
1256 1555 1384 1630 papali,
1409 1554 1498 1615 Fcec.
1522 1555 1569 1626 11,
1592 1575 1624 1614 n.
1648 1555 1692 1631 2).

633 1921 922 1990 dccccxxxvi.
955 1959 990 1971 -
1020 1917 1218 1991 morton·
1245 1917 1458 1989 mautrau-
1483 1916 1627 1990 Vltlee
1654 1938 1803 1992 noves.

756 2114 845 2189 1252,
868 2114 905 2174 22
926 2113 957 2174 d.
980 2112 1106 2190 Aprilis.
1130 2115 1245 2174 Actum
1266 2114 1349 2192 apud
1371 2114 1495 2176 Petram
1518 2115 1663 2188 Oestelli3

902 2235 1054 2314 scriptum
1074 2236 1251 2314 postomodo
1273 2255 1292 2295 v
1315 2255 1414 2298 nones
1435 2236 1525 2299 Maii.

528 2418 757 2521 Compositio
784 2417 883 2498 iuter
909 2419 1121 2497 Amedeum
1149 2417 1327 2497 comitem
1348 2417 1558 2498 sabaudiae
1586 2432 1624 2498 et
1651 2419 1894 2499 marchionem
1908 2417 1933 2495 iu

454 2538 559 2618 ltalia
587 2567 673 2618 cum
702 2538 853 2619 [ildrico
880 2536 1035 2616 Mistvali
1064 2536 1186 2616 Villae
1217 2564 1332 2616 novae
1360 2563 1492 2640 propre
1520 2538 1681 2638 Chillon,
1716 2539 1812 2618 lacta
1840 2564 1933 2616 mnu

453 2657 608 2738 domine
637 2659 685 2738 M.
713 2656 905 2736 comitissa
934 2667 1050 2735 matre
1077 2656 1236 2736 Amadei
1264 2655 1414 2736 comitis
1441 2672 1479 2736 et
1504 2656 1679 2761 Philippo
1706 2657 1832 2738 Eleoto
1857 2657 1934 2758 Lug-

453 2778 627 2870 dunensi,
663 2803 774 2879 super
813 2775 998 2878 quaedam
1034 2774 1264 2864 molendina,
1292 2803 1387 2877 quae
1415 2801 1502 2856 cum
1529 2775 1714 2856 reditibus
1741 2777 1818 2856 suis
1843 2801 1935 2853 remn-

452 2908 543 2975 nent
572 2895 733 2976 Uldrico.
763 2894 953 2974 Amedeus
982 2894 1125 2973 dictum
1155 2894 1348 2975 Uldvieum
1377 2893 1530 2974 investit
1556 2895 1603 2974 de
1632 2895 1814 2976 mistralie
1841 2893 1935 2972 Villae

450 3042 569 3095 novae
596 3025 634 3094 et
660 3013 838 3094 omnibns
866 3013 998 3105 leudis,
1019 3041 1113 3116 quae
1142 3014 1189 3092 eb
1217 3013 1281 3093 illo
1309 3015 1462 3094 tenebat
1488 3014 1587 3117 apud
1607 3013 1758 3096 Chillon
1776 3011 1934 3095 etVillan

453 3161 600 3215 novam.

524 3253 671 3333 Testes:
699 3253 832 3332 Petrus
871 3251 1035 3332 decanus
1075 3250 1289 3348 Rimillieci,
1325 3251 1506 3333 Umberto
1543 3253 1589 3332 de
1620 3253 1802 3354 SavsellO,
1834 3253 1937 3332 Petms
1995 3329 1996 3336 x

449 3372 617 3453 olliciulis
646 3371 776 3453 Curiae
804 3371 963 3464 comitis,
984 3371 1186 3469 [imbertus
1214 3371 1462 3451 marescalcus
1490 3371 1723 3452 castellanus
1749 3371 1937 3453 Avillianae,
1995 3373 1996 3390 ¹

450 3491 547 3570 Boso
575 3492 622 3571 da
649 3491 814 3586 Messon,
843 3490 1046 3570 Vuillelmo
1074 3491 1120 3569 de
1147 3489 1290 3584 Vilete,
1316 3489 1482 3570 lacobus
1509 3491 1688 3570 notarius.

607 3661 712 3740 (ER.
737 3660 814 3722 Tel).
839 3660 1035 3732 Taurinensi,
1057 3661 1142 3722 Mon.
1165 3659 1252 3721 Hiat.
1276 3660 1350 3721 Pet.
1375 3659 1483 3722 Obart.
1506 3661 1552 3734 II,
1576 3661 1633 3721 col.
1658 3664 1747 3720 1513.
1772 3662 1937 3722 Piseosvus.

531 3758 728 3838 (Zibotdmvc)
749 3757 832 3818 hanc
854 3758 1105 3836 compositionem
1134 3757 1178 3817 sio
1207 3756 1418 3818 abbreviavit:
1453 3758 1635 3819 «amedeus
1661 3777 1763 3820 eomes
1794 3754 1938 3820 Sebaudiae

532 3855 728 3933 (componit
749 3853 935 3915 discordiam
957 3855 1037 3914 inter
1057 3854 1099 3913 H.
1124 3855 1314 3914 comitissam
1335 3859 1485 3928 nostram,
1518 3853 1702 3933 Philippum
1734 3855 1876 3916 Electum
1899 3866 1939 3927 pm

527 3951 681 4030 Lugdqno
701 3957 731 4012 et
754 3951 916 4013 Uldricum
930 3954 989 4012 etc.
1007 3975 1022 4012 n
1039 3951 1130 4012 Patet
1151 3951 1341 4026 Pingonium
1362 3952 1443 4012 mele
1463 3951 1569 4028 legisse
1584 3955 1701 4023 actum,
1720 3954 1846 4029 jamque
1863 3948 1938 4021 conje·

528 4054 610 4108 ctare
632 4048 705 4110 lieet
727 4066 789 4109 non
812 4047 886 4109 bene
911 4049 945 4108 in
967 4049 1037 4109 aliis
1058 4049 1135 4109 actis
1161 4068 1245 4109 nunc
1266 4049 1430 4128 deperditis
1457 4049 1562 4127 legisse
1584 4050 1625 4109 B.
1649 4049 1696 4109 vel
1720 4050 1889 4110 nemmem
1906 4059 1939 4102 te

526 4146 682 4206 mitiacum
713 4163 767 4223 pro
794 4146 975 4224 Morpcritc
1003 4145 1138 4206 Thomas
1168 4146 1291 4206 comitis
1317 4165 1410 4206 uxore
1430 4149 1460 4207 et
1479 4145 1609 4208 Amedei
1629 4145 1675 4207 IV
1696 4149 1819 4219 matre,
1840 4144 1937 4220 alisque

526 4241 753 4320 hujuscemodi,
776 4261 855 4322 quae
876 4243 910 4303 in
931 4243 1100 4305 Zibeldone
1119 4243 1320 4304 festinantius
1340 4242 1473 4322 injecit).

619 4616 924 4684 DOOOLXXXVH.
954 4655 987 4664 —
1009 4611 1214 4686 ,Uldrlcus
1239 4611 1450 4684 mittentis
1476 4612 1620 4685 Vtttee
1647 4633 1796 4686 nevae.

835 4809 922 4884 1252,
945 4810 963 4867 a
984 4808 1015 4869 d.
1038 4807 1127 4869 Maii.
1149 4808 1221 4869 Iud.
1245 4828 1279 4870 x.
1303 4809 1411 4872 Petrae
1434 4809 1571 4872 Castelli.

492 4992 698 5073 Conventio
727 4991 885 5071 Amedei
913 4989 1061 5070 comitis
1091 4991 1300 5071 Sabaudiae
1328 5019 1415 5071 eum
1448 4992 1598 5072 Uldrioo
1640 4994 1804 5076 Mistrali
1844 4991 1940 5074 Villae

443 5136 561 5192 novae
588 5111 688 5214 apud
717 5109 867 5190 Chillon
894 5137 1005 5213 super
1031 5109 1215 5211 quaedam
1245 5111 1473 5204 molendina,
1502 5137 1599 5213 quae
1632 5127 1861 5213 permanent
1896 5109 1940 5188 t'l·

443 5231 545 5311 drico
574 5229 683 5309 titulo
711 5229 809 5310 leodi
837 5228 995 5309 comitis.
1024 5229 1249 5308 Reservatur
1275 5229 1454 5321 Libertas,
1480 5255 1593 5331 quam
1631 5231 1801 5312 Thomas
1829 5255 1941 5313 comes.

442 5360 546 5452 pater
574 5349 734 5429 Amedei
761 5346 922 5441 comitis,
950 5347 1086 5426 lecerat
1113 5345 1334 5428 homiuibus
1361 5347 1481 5428 dictae
1508 5345 1626 5427 Villae
1653 5374 1789 5430 novae.
