4198 6190
469 239 514 302 ee
873 237 1069 304 anonam
1096 237 1299 306 ocirrrnru
1328 211 1571 306 elnaunnn

1021 371 1194 377 ψ..
1204 371 1270 377 ----
1314 371 1662 378 mm

468 478 635 558 humeris
663 476 869 570 innitendo,
897 477 1087 558 interdum
1116 503 1275 580 qnoque,
1303 475 1489 556 titubante
1516 503 1581 578 per
1607 474 1795 556 lubricum
1832 503 1970 580 gressu.
2035 519 2036 588 p

466 597 632 676 cedendo
660 607 697 676 et
724 595 872 702 longius
900 595 1110 685 volutando,
1134 593 1191 674 vix
1218 596 1372 676 tandem
1392 593 1593 699 aliquando
1613 623 1699 675 oum
1723 595 1828 700 gravi
1850 593 1969 673 salutis
2035 615 2036 674 t

466 743 555 795 suae
583 714 746 818 periculo
774 715 820 793 ud
849 715 1068 819 campestria
1097 729 1354 818 pervenerunt.
1383 715 1565 820 Reginam
1594 727 1632 792 et
1658 711 1773 810 alias,
1809 741 1909 816 quae
1940 715 1969 792 in
2035 749 2036 752 ¹

467 832 645 936 obsequio
673 841 753 936 ejus
780 848 887 913 crant
915 834 1108 929 mulieres,
1148 832 1264 913 houm
1298 832 1408 914 coriis
1448 831 1654 936 impositas,
1690 832 1805 912 duces
1834 831 1969 911 itineris

468 953 655 1032 conductu
682 965 912 1055 praeeuntes,
940 953 1115 1033 deorsum
1145 954 1346 1032 trahebant
1374 985 1407 1028 u.

607 1105 791 1182 (Lauaaarr
814 1106 1081 1166 Haesraananars
1096 1107 1242 1168 Annales.
1261 1107 1382 1180 Panrz,
1401 1105 1539 1168 M.G.H.
1555 1105 1681 1182 script,
1696 1105 1785 1167 Tom.
1796 1104 1838 1175 V,
1856 1124 1888 1182 p.
1901 1106 1970 1182 050),

957 1399 1153 1464 ctxxmv.
1184 1435 1228 1448 -
1259 1394 1500 1467 (lanosae.

1025 1577 1112 1646 1077,
1129 1595 1231 1636 menae
1248 1575 1427 1636 Februario.

553 1791 569 1826 u
598 1757 675 1835 lter
702 1756 898 1836 Heinricns
931 1757 1152 1838 llathitdan
1190 1758 1418 1837 comitissam
1457 1759 1504 1836 ad
1537 1756 1767 1860 colloquium
1795 1756 1973 1849 evocarit,

471 1901 630 1978 eamque
657 1875 828 1976 precihus
856 1901 898 1956 ao
925 1876 1237 1979 promissionibus
1264 1893 1455 1957 oneratam
1476 1875 1523 1956 ad
1543 1903 1673 1979 papam
1699 1873 1922 1968 transmisit,
1945 1885 1972 1951 et

473 2021 558 2071 cum
587 2020 631 2072 ea
657 2020 805 2074 socrum
834 2011 939 2074 s‘uarn
967 1995 1166 2098 filiumque
1194 2003 1274 2098 ejus
1294 2000 1537 2095 (adelaidem
1559 2001 1805 2072 Cornr'tieaom
1825 2007 1863 2072 ct
1879 2000 1974 2072 Amr·

473 2117 685 2213 detrich),
713 2117 898 2194 Azzonom
926 2114 1041 2194 etiam
1074 2115 1332 2196 marchionem
1361 2129 1398 2196 et
1425 2114 1599 2194 abbatem
1633 2113 1921 2192 Cluniacensem
1946 2125 1974 2189 et

474 2229 565 2310 alios
592 2231 794 2312 nonnullos
822 2260 864 2311 err
894 2233 1024 2335 primis
1051 2233 1179 2314 ltaliae
1208 2233 1497 2338 principibus...
1530 2233 1729 2312 obsecrans
1757 2246 1798 2310 nt
1839 2260 1973 2311 excom·

477 2350 730 2430 manicatione
763 2351 1011 2431 absolvantur.
1030 2413 1061 2428 ..
1095 2353 1206 2442 Venit
1241 2353 1321 2443 ille,
1349 2364 1391 2432 ut
1413 2360 1561 2454 jussum
1590 2352 1720 2430 luerat.
1738 2411 1771 2426 ..
1815 2352 1973 2454 deposito

474 2469 575 2551 cultu
610 2471 771 2575 regio...
807 2471 917 2550 nudis
950 2472 1126 2574 pedibus,
1158 2480 1311 2573 ⁸iejunus
1348 2501 1369 2552 a
1401 2499 1511 2550 mane
1549 2497 1665 2573 nsque
1702 2471 1747 2549 ad
1789 2497 1972 2574 vesperam

477 2589 676 2692 prestabat.
704 2591 783 2669 Hoc
810 2591 999 2686 secundo,
1027 2591 1099 2670 hoc
1127 2594 1241 2672 tercio
1278 2593 1338 2673 dic
1366 2591 1463 2672 lecit.
1492 2593 1629 2685 Quarto
1664 2589 1820 2670 demum
1850 2591 1966 2670 die...

475 2709 864 2788 excommunicatione
893 2710 1086 2790 absolutus
1115 2723 1171 2790 ast
1199 2746 1231 2786 u.

633 2862 816 2939 (baunanrr
832 2863 1052 2924 Harsfaldeneie
1066 2865 1211 2926 Annales.
1233 2867 1352 2939 Pansa,
1372 2867 1415 2928 M.
1438 2868 1474 2928 G.
1493 2867 1536 2926 H.
1555 2867 1668 2944 Script.
1685 2865 1726 2938 V,
1750 2885 1822 2943 pag.
1846 2861 1972 2938 noa-59).

895 3155 1076 3222 CLXXXV.
1107 3191 1142 3204 -
1179 3151 1363 3223 Immilla
1391 3151 1569 3222 ducissa.

855 3335 978 3407 1077,0
1019 3335 1132 3394 mensis
1160 3335 1242 3411 Sept.
1273 3333 1344 3394 Iud.
1379 3352 1436 3395 xv.
1467 3334 1609 3396 Taurini.

553 3515 715 3595 lmmilla
751 3515 897 3595 ducissa
926 3529 1063 3602 vocata,
1092 3515 1169 3594 filia
1197 3516 1388 3617 quondam
1426 3501 1597 3595 hdelricn
1634 3515 1854 3618 blaginlredi
1892 3543 1980 3592 mar·

479 3633 635 3718 chionis,
665 3635 745 3738 lege
774 3634 900 3713 vivens
927 3633 1052 3728 salica,
1079 3633 1255 3712 ecclesiae
1285 3633 1456 3713 basilicae
1493 3635 1528 3714 S.
1563 3636 1663 3714 Petri
1701 3634 1738 3715 in
1776 3636 1980 3714 lluxinascc

479 3754 594 3833 donat
621 3781 752 3834 omncs
780 3781 838 3832 res
861 3753 957 3854 juris
991 3753 1048 3832 sui
1086 3754 1125 3832 in
1160 3746 1396 3848 linrinascm
1432 3754 1610 3833 Gavenno
1639 3767 1677 3832 et
1703 3755 1800 3834 ultra
1832 3753 1978 3832 flurium

479 3875 667 3953 Tanarum
687 3874 725 3952 in
745 3872 954 3964 Bozolasco,
974 3874 1217 3961 Sammanno
1238 3872 1455 3967 Turrixella‚
1476 3872 1634 3966 Reatino,
1653 3873 1884 3977 Buciguano.
1904 3873 1979 3951 Tra·

480 3993 571 4072 ditio
600 3992 644 4072 fit
670 4021 734 4094 per
761 3990 955 4070 cultellum
986 4005 1052 4069 ctc.
1083 4037 1128 4048 -
1156 3992 1191 4070 S.
1220 3991 1416 4070 lmmillac.
1452 3992 1487 4070 S.
1515 3991 1709 4071 Vuilielmi
1738 4005 1776 4070 et
1810 3991 1977 4071 Widonis

479 4110 718 4207 marchionis,
739 4133 805 4190 scu
826 4111 982 4190 hmadei
1007 4111 1052 4188 ale
1070 4109 1152 4188 loco
1171 4137 1270 4188 serra
1290 4110 1413 4214 longa,
1433 4111 1514 4215 lege
1534 4111 1701 4190 viventes
1721 4111 1844 4205 salice,
1863 4124 1980 4190 testes.

481 4233 517 4312 S.
546 4233 675 4311 Bruno
702 4230 879 4310 vicecom.

530 4352 695 4429 loannes
724 4348 890 4429 notarius
918 4351 953 4429 S.
979 4349 1109 4429 Palatii
1138 4347 1295 4452 scripsit.

641 4503 688 4583 (E
710 4503 788 4566 Tab.
812 4503 880 4566 Giv.
904 4502 1068 4565 Pinarolii.
1092 4503 1138 4564 Μ.
1161 4502 1206 4563 Η.
1229 4503 1269 4564 Ρ.
1295 4502 1401 4564 Obart.
1425 4503 1459 4576 Ι,
1483 4502 1543 4564 ool.
1567 4504 1651 4580 655).

510 4791 706 4860 CLXXXVI.
735 4827 785 4838 -
809 4791 961 4859 Petrus
988 4784 1176 4859 marchio
1204 4791 1247 4856 at
1275 4785 1528 4860 cunibertus
1554 4786 1653 4874 apia.
1687 4784 1961 4858 taurinensis.

1075 4970 1167 5029 Anno
1190 4969 1278 5040 1077,
1302 4969 1404 5028 10707

561 5152 826 5235 Chunibertus.
846 5214 851 5224 .
872 5179 979 5229 .cum
1018 5151 1128 5230 Petro
1157 5148 1374 5228 marchione
1402 5148 1582 5227 coniurat.
1601 5161 1691 5226 ..et
1717 5175 1805 5227 ecee
1844 5159 1982 5244 uterque

487 5273 605 5352 multo
631 5271 750 5352 milite
778 5272 935 5373 stipatus
964 5269 1010 5348 ml
1039 5281 1212 5348 sanctum
1242 5268 1365 5347 locum
1394 5271 1693 5366 (Marmoreum
1725 5273 1758 5346 S.
1792 5265 1981 5346 Michaelis
