4050 6188
451 387 521 450 234
849 385 1044 452 undussa
1072 385 1275 452 collinunt
1304 375 1548 452 sassaunlah

596 851 770 919 DOLtht.
800 889 834 900 —
862 850 1014 921 Petrus
1040 850 1090 923 de
1119 850 1337 923 subeunte
1365 852 1409 922 in
1436 853 1639 946 Angllam
1666 853 1797 926 venit.

1161 1065 1249 1126 1241.

530 1299 544 1334 v
580 1263 686 1344 Circe
710 1263 862 1342 eosdem
892 1261 971 1342 dies
996 1267 1190 1364 (crastino
1227 1267 1489 1374 Epiphaniae)
1521 1265 1652 1343 Petrus
1681 1264 1727 1343 de
1759 1264 1942 1345 Sabaudia.

445 1381 650 1462 avunculus
677 1381 852 1487 Reginae,
880 1383 939 1460 cui
973 1383 1048 1460 Rex
1089 1381 1317 1462 Comitatum
1346 1381 1394 1460 de
1427 1381 1708 1462 Richemundia
1735 1383 1943 1473 contulerat,

449 1501 613 1581 venitin
641 1501 828 1606 Angliam,
857 1528 969 1603 quam
1009 1499 1080 1580 sibi
1121 1513 1289 1580 senserat
1327 1503 1570 1592 fructuosam,
1603 1527 1688 1580 nam
1715 1503 1796 1582 Rex
1824 1503 1945 1582 adven·

448 1634 591 1700 tantem
618 1646 829 1714 occurrens,
856 1647 941 1700 cum
970 1619 1107 1723 gaudio
1135 1619 1298 1723 suscepit
1326 1618 1623 1723 incomparabili,
1652 1647 1692 1700 se
1711 1648 1944 1724 suaquecou·

446 1739 540 1819 siliis
580 1746 660 1840 ejus
700 1741 930 1842 exponendo,
958 1751 996 1818 et
1035 1737 1150 1840 ipsius
1189 1753 1306 1818 terras
1333 1766 1420 1818 cum
1458 1738 1644 1820 donativis
1678 1738 1854 1842 plurimis
1878 1769 1947 1820 am·

447 1858 610 1960 pliando.
1010 1877 1012 1882 ·

522 1977 591 2058 Die
619 2006 705 2058 vero
732 1979 849 2059 sancti
877 1978 1063 2069 Edwardi‚
1090 2005 1202 2080 quem
1222 1979 1300 2058 Rex
1328 1979 1422 2058 miro
1440 1979 1545 2061 cultu
1563 1993 1601 2058 et
1618 1979 1799 2084 ampliato
1818 1981 1948 2062 honore

446 2096 881 2177 solemnisaudostudet
907 2123 1089 2186 serenare,
1117 2097 1219 2176 idem
1247 2099 1322 2176 Rex
1358 2097 1593 2200 praedictum
1629 2099 1783 2178 Petrum
1822 2099 1868 2178 de
1893 2101 1948 2179 Sa-

448 2215 583 2296 haudia
617 2245 704 2296 cum
740 2216 958 2319 quindecim
997 2215 1082 2296 aliis
1124 2215 1320 2318 praeclaris
1343 2218 1559 2318 juvenibus,
1588 2231 1629 2296 ut
1655 2219 1796 2298 lestum
1823 2247 1887 2321 pro
1911 2247 1945 2296 eu

446 2335 741 2438 superstisiosius
774 2335 988 2438 ampliaret,
1017 2335 1055 2414 in
1096 2334 1276 2417 ecclesiae
1316 2336 1443 2416 Sancti
1484 2337 1584 2416 Petri
1624 2337 1944 2418 Westmoucsterii

448 2453 601 2535 militari
629 2454 779 2559 cingulo
807 2455 1005 2535 decoravit.
1036 2491 1050 2523 ι

605 2624 797 2705 (Marenem
819 2624 932 2699 Psnvs,
956 2625 1103 2687 Historia
1124 2625 1255 2702 Meton,
1278 2645 1309 2704 p.
1333 2628 1417 2703 549).

756 3035 926 3102 DOLXIV.
957 3073 990 3084 -
1020 3034 1372 3104 'torneamentum
1403 3030 1643 3125 Angltcum.

1163 3246 1249 3307 1241.

531 3479 547 3517 u
568 3447 651 3548 Ipso
679 3473 827 3548 quoque
855 3473 965 3542 auno,
1002 3447 1132 3524 Petrus
1165 3446 1212 3524 de
1247 3444 1445 3540 Sahaudie,
1482 3472 1608 3526 comes
1640 3445 1945 3536 Richemundiae‚

448 3578 751 3646 torneamentum
780 3565 966 3668 quoddam
996 3565 1094 3668 cepit
1120 3563 1226 3667 quasi
1255 3563 1391 3644 hostile
1420 3566 1598 3644 adversus
1626 3564 1805 3644 comitem
1832 3565 1946 3667 Bigod.

450 3699 490 3764 ut
526 3685 563 3765 in
599 3685 791 3788 quindena
826 3684 990 3764 Paschae
1024 3686 1122 3786 apud
1156 3683 1389 3763 Norhamton
1431 3681 1687 3786 experirentur
1727 3684 1947 3790 alienigenae

447 3833 533 3887 cum
563 3793 742 3910 hngliciS,
769 3805 831 3906 qui
861 3831 989 3883 eorum
1027 3802 1064 3883 in
1106 3802 1334 3883 hastiludiali
1371 3802 1576 3883 certamine
1603 3803 1832 3883 Strenuiores
1860 3804 1944 3884 vide·

448 3937 585 4005 rentur.
615 3923 719 4016 Quod
748 3950 833 4002 cum
863 3923 939 4002 llex
966 3924 1212 4028 cognovisset,
1239 3922 1366 4000 favens
1393 3921 1488 4024 parti
1514 3921 1663 4000 comitis
1692 3923 1719 4001 B
1747 3931 1803 4019 (t),
1827 3923 1948 4001 multo

447 4073 531 4125 rum
560 4043 672 4123 corda
698 4041 904 4145 Anglorum
934 4042 980 4120 de
1022 4041 1270 4121 nobilioribus
1306 4054 1343 4120 et
1383 4039 1715 4143 praestantioribus
1743 4052 1818 4119 tam
1847 4043 1947 4121 minis

448 4193 561 4268 quam
603 4160 824 4242 muneribus
866 4175 1048 4262 corrupta,
1084 4162 1205 4263 coepit
1245 4159 1505 4254 inclinarent
1545 4158 1839 4265 alienigenarum
1879 4189 1948 4264 pars

447 4283 672 4388 praevaleret
688 4342 694 4355 .
713 4341 719 4354 .
738 4341 745 4355 .
779 4280 840 4360 Sic
860 4292 1080 4383 procurante
1101 4282 1199 4384 llege
1219 4278 1450 4359 elaboratum
1471 4292 1539 4366 est,
1558 4281 1659 4381 quod
1678 4340 1683 4352 .
1702 4342 1709 4354 .
1728 4339 1733 4348 .
1768 4309 1851 4384 pars
1870 4280 1948 4360 alie-

448 4403 683 4507 nigenarum,
711 4399 936 4480 imminente
978 4412 1145 4502 tempore
1180 4401 1445 4489 torneamenti,
1474 4398 1604 4478 lortior
1631 4401 1801 4503 apparuit
1827 4415 1864 4479 et
1889 4429 1946 4478 nu·

446 4523 637 4603 morosior.
666 4521 772 4614 Quod
800 4521 942 4623 Anglioi
975 4519 1086 4599 nimis
1116 4505 1272 4599 moleste
1301 4520 1480 4614 l'erentes,
1511 4547 1688 4624 maguam
1717 4536 1843 4600 contra
1871 4519 1945 4598 talia

447 4641 708 4722 machinantes
737 4639 1036 4743 indignationem
1064 4651 1326 4740 conceperunt,
1351 4638 1561 4743 Auglorum
1589 4637 1795 4744 ignobilem
1818 4639 1946 4719 flexibi-

448 4762 591 4841 litatem
620 4760 858 4838 detestantes.
877 4760 953 4838 Rex
972 4771 1100 4838 autem
1128 4755 1267 4836 saniori
1295 4757 1411 4836 l'retus
1439 4757 1609 4852 oonsilio,
1635 4770 1673 4836 et
1699 4757 1892 4858 poenitens
1915 4785 1945 4834 se

448 4878 626 4960 moluisse
653 4891 848 4958 extraneos
876 4905 987 4980 quam
1017 4905 1103 4956 suos
1132 4879 1168 4956 in
1198 4877 1333 4956 martio
1361 4876 1450 4956 ludo
1479 4875 1747 4978 triumphasse,
1768 4877 1944 4980 expeditis·

446 5001 583 5079 simum
614 4999 791 5078 nuntium
809 5055 917 5074 .....
952 4998 998 5076 ad
1027 5024 1090 5075 eos
1117 4996 1330 5094 destinavit,
1359 5009 1400 5076 ut
1426 4995 1634 5076 infaustum
1656 5007 1943 5077 torneamentum

446 5119 551 5212 illud,
576 5126 655 5221 jam
697 5144 762 5222 per
796 5117 923 5196 omnia
963 5143 1081 5218 usqne
1122 5117 1169 5194 ad
1208 5142 1451 5220 congressum
1484 5115 1660 5196 hostilem
1689 5133 1943 5220 praeparatum,

448 5239 559 5343 Regis
586 5237 705 5318 literis
733 5235 996 5341 prohiberet.»

605 5409 798 5489 (Marsuam
820 5409 932 5481 Panis,
955 5407 1103 5468 Historia
1124 5406 1241 5482 Major,
1263 5425 1294 5485 p.
1318 5407 1402 5485 550).
