4050 6188
643 271 675 338 S.
703 270 863 338 JUS'I'US
892 271 1034 338 SECUS.
1523 275 1593 338 203
1709 284 1713 292 '

86 383 135 394 -πι

86 401 135 407 -.
143 395 454 406 ----ι-.-..--..-.....--
473 398 803 405 -----..-.-.--
1111 399 1593 408 ———-—-—-————.-.—.

277 662 395 729 DLIII.
425 699 461 710 -
488 657 700 730 madeus
726 659 787 730 1v
814 662 858 730 ct
886 654 1093 730 nadulfus
1119 658 1170 730 ‹lc
1198 655 1409 731 (traciaco.

648 777 796 865 Aquae
822 776 1037 865 pulchrae.

577 976 666 1046 1234,
696 977 733 1035 12
755 975 785 1035 (1.
809 974 916 1036 Octob.
946 975 1016 1036 Iud.
1047 993 1108 1034 vn.

168 1190 184 1228 α
211 1157 375 1238 Domino
407 1156 594 1236 Friderico
629 1157 837 1259 imperante
871 1169 909 1234 et
939 1157 1093 1236 domino
1127 1157 1263 1238 comite
1298 1158 1596 1240 Mauriennensis

84 1276 293 1357 Comitatus
320 1289 430 1379 etquu
464 1276 502 1355 in
537 1275 643 1356 ltalia
678 1275 977 1356 Marchionatum
1006 1288 1170 1369 tenente,
1198 1309 1214 1346 »
1249 1279 1382 1357 Comes
1409 1278 1597 1359 Amcdeus

85 1393 202 1475 donat
228 1411 266 1475 ct
291 1395 464 1476 concedit
488 1393 651 1474 Rodullo
679 1395 724 1474 de
752 1395 925 1474 Gresiaco
949 1407 986 1474 ct
1012 1395 1140 1476 domui
1160 1424 1226 1476 sue
1255 1410 1292 1475 et
1317 1397 1432 1500 ipsius
1451 1397 1597 1478 heredi·

82 1515 158 1595 bus
178 1515 215 1595 in
236 1527 456 1619 perpetuum
477 1515 515 1595 in
535 1514 689 1594 l'eudum
710 1513 848 1603 nobile,
863 1516 962 1617 quod
983 1513 1092 1621 uulgo
1112 1514 1248 1595 dieitur
1266 1515 1415 1620 gentile,
1429 1517 1599 1621 quicquit

83 1663 213 1714 comes
239 1634 522 1737 prenominatus
550 1634 608 1713 vel
644 1646 748 1737 pater
774 1634 890 1737 ipsius
927 1633 1026 1736 olym
1064 1633 1240 1714 dominus
1268 1636 1432 1716 Thomas
1459 1635 1598 1716 nobilis

81 1767 212 1833 comes
240 1753 403 1833 habehat
430 1754 488 1834 vel
515 1753 654 1833 hahere
682 1753 843 1833 debehat
869 1753 908 1832 in
938 1754 1064 1832 Monte
1091 1753 1286 1855 Aymonis,
1315 1756 1378 1856 qui
1406 1767 1598 1858 estsuper

82 1873 283 1952 Camenam
313 1872 350 1952 in
379 1871 547 1975 partibus
575 1871 808 1960 Maurienna,
836 1885 874 1951 et
901 1871 1008 1951 illum
1038 1871 1188 1951 investit
1214 1885 1282 1951 etc.
1312 1972 1316 1980 ι
1382 1885 1384 1892 ’

161 1991 296 2070 Actum
319 2005 376 2072 est
395 1991 466 2071 hoc
483 1991 633 2094 publice
653 1990 691 2069 in
712 1990 866 2070 ccclesia
884 1991 988 2070 Beati
1007 1990 1191 2070 lohannis
1212 1991 1258 2070 dc
1273 1991 1455 2096 hospitali
1470 1993 1597 2095 Aquae

80 2111 273 2214 pulchrae.
288 2111 431 2191 Testes:
451 2111 676 2190 Nantelmus
695 2109 741 2188 de
759 2109 969 2189 Mediolano
989 2115 1085 2210 (alc).
1105 2111 1237 2190 Petrus
1256 2112 1301 2190 de
1321 2113 1484 2191 Cumara.
1503 2113 1599 2191 Mar·

80 2231 187 2310 tinus
215 2231 261 2310 de
288 2230 430 2310 Virieu.
459 2229 579 2336 Guigo
607 2230 653 2308 de
680 2229 807 2308 Monte
835 2231 984 2330 Majore.

161 2347 359 2428 Villelmus
386 2350 496 2429 Sacra
525 2348 620 2427 Aule
647 2359 685 2428 et
710 2347 856 2428 comitis
885 2347 1052 2428 notarius
1079 2347 1235 2451 scripsit.

244 2483 286 2582 (11
309 2500 386 2562 rab.
409 2501 510 2562 (lustri
530 2501 566 2562 de
586 2499 1019 2564 Menthon-Saint-Bernard.
1042 2500 1250 2579 Transcripait
1270 2501 1426 2564 huruuua
1440 2503 1476 2564 ale
1491 2502 1598 2564 Fonte

169 2599 303 2677 Comes).
1114 2604 1116 2610 ’
1498 2629 1500 2634 v

395 2874 510 2940 DLIV.
540 2911 575 2922 -
602 2869 816 2941 manau·
842 2870 913 2941 1v.
942 2868 1053 2942 Eool.
1082 2868 1297 2958 arpalum.
1430 2931 1431 2937 ,

444 3067 532 3141 1234,
554 3068 592 3128 28
612 3067 642 3128 d.
666 3067 856 3129 Novembris.
880 3067 951 3128 Iud.
975 3086 1036 3129 vn.
1060 3067 1212 3130 Secueiaa.
1341 3044 1343 3050 Ι

162 3251 354 3332 Amedeus
381 3278 507 3332 eunies
528 3250 827 3332 Mauriennensis
854 3262 892 3332 et
918 3250 957 3330 in
984 3249 1098 3352 Italia
1115 3246 1288 3342 marchio
1306 3250 1510 3330 confirmat
1532 3248 1597 3329 he·

77 3371 222 3452 nellcia
248 3385 285 3450 et
312 3371 423 3464 dona,
442 3399 537 3473 quae
557 3397 684 3450 comes
709 3372 899 3450 Amadeus
917 3383 955 3447 et
972 3395 1100 3449 comes
1120 3368 1322 3450 Umbertus
1342 3375 1452 3471 atque
1471 3395 1597 3448 comes

75 3492 249 3570 Thomas
277 3490 518 3570 contulerunt
544 3490 730 3569 Ecclesiae
749 3501 787 3567 et
805 3489 995 3568 carronicis
1019 3488 1196 3591 Ripaltac.
1216 3489 1324 3590 cique
1343 3489 1516 3568 concedit
1534 3516 1599 3591 per

78 3621 205 3690 totam
246 3621 381 3690 terram
415 3637 522 3690 suam
559 3609 786 3714 pedagium,
823 3608 947 3687 ledam
982 3621 1019 3686 et
1050 3635 1222 3686 carenam
1261 3605 1432 3686 omnium
1474 3637 1596 3687 rerum

76 3757 253 3810 suarum.

163 3849 308 3928 Testes:
345 3847 542 3949 Aynardus
578 3847 625 3924 de
661 3845 951 3942 Bardovcschia‚
979 3844 1212 3926 Castellanus
1245 3845 1472 3936 Avillianue,
1498 3844 1596 3926 Petri

75 3967 242 4059 Porteri,
268 3966 438 4047 Umberti
466 3965 662 4054 Bertherii,
689 3964 785 4044 Petri
805 3964 1188 4055 Be1·tlierii,Dur·andi
1208 3964 1399 4054 Bernardi‚
1418 3966 1598 4064 Aymonis
1726 3987 1759 4034 ··

75 4087 209 4182 Godil,
238 4084 405 4165 Genterii
433 4085 479 4164 de
505 4085 636 4176 laven,
663 4083 793 4162 Poncii
821 4085 867 4164 dc
895 4083 1016 4186 Oquin
1047 4083 1248 4163 Castellani
1276 4083 1519 4163 Secusiensis.

161 4207 328 4284 loannes
355 4202 513 4307 scriptor
539 4216 689 4308 rogatus
716 4202 873 4305 scripsit.

248 4356 290 4438 (E
313 4357 352 4417 R.
375 4355 453 4417 Tali.
477 4354 673 4429 Taurincnsi,
697 4353 904 4416 Gurcanuou.
927 4354 1014 4418 Hor.
1034 4355 1118 4419 Gerr.
1140 4355 1289 4428 Pronoea,
1312 4375 1343 4435 p.
1367 4357 1430 4435 66).

287 4699 383 4768 DLV.
413 4739 461 4750 -
489 4695 674 4768 nonatlo
701 4696 742 4769 Ι.
771 4698 896 4769 sunto
925 4697 1064 4769 sacua.
1092 4700 1405 4772 remaaaoum.

376 4901 464 4972 1285,
488 4899 506 4966 4
527 4897 557 4958 (1.
581 4896 736 4958 Jannarii.
760 4896 830 4958 Iud.
854 4894 1043 4972 v111..Apud
1063 4893 1328 4958 Chambcriaoum.

162 5085 329 5166 Thomas
363 5081 409 5161 de
443 5079 633 5161 Sabaudia
672 5107 797 5160 comes
835 5079 1036 5160 confirmat
1068 5079 1107 5158 in
1141 5105 1255 5159 manu
1288 5079 1418 5159 Jacohi
1455 5079 1600 5162 abbatis

77 5205 266 5292 Secusioe
294 5203 421 5282 omnia
448 5199 679 5303 infrascripta
697 5213 807 5304 prout
824 5213 1078 5279 antecessores
1106 5199 1163 5278 sui
1189 5213 1463 5292 concesserunt,
1491 5201 1600 5282 sicuti

77 5331 120 5411 in
153 5322 322 5428 quodam
351 5319 501 5424 publico
529 5319 777 5400 instrumento
804 5316 961 5422 propriis
990 5315 1107 5398 oculis
1135 5317 1226 5398 vidit
1253 5317 1446 5400 contineri.
