4096 6190
674 364 823 432 DOMUS
851 367 983 432 PETRI
1516 366 1587 430 263

73 475 124 484 ..—

74 494 124 501 —-

74 602 227 694 Gaudia,
255 603 414 683 Obertus
441 603 581 684 Candia
659 665 666 679 .
685 662 693 678 .
711 663 718 680 .
737 604 783 683 de
809 603 1082 692 Bersaturihus‚
1102 604 1298 683 Johannes
1319 601 1365 682 de
1385 599 1498 697 Gilio,
1515 603 1586 681 Bo·

73 722 233 802 nifauius
259 721 426 818 Rubeus,
454 723 618 804 Janobus
646 722 785 818 Maleti,
805 725 923 803 Lucas
949 723 1106 802 Amedei
1134 724 1180 802 da
1205 721 1366 826 Vig0n0‚
1386 720 1586 801 Bartholo-

74 867 207 920 maeus
235 841 384 944 Campo,
415 843 596 922 Martinus
625 841 672 922 de
700 844 810 922 Carus
837 855 874 922 et
901 840 975 921 alii.

152 959 322 1040 Dedietio
364 961 459 1040 facta
501 973 557 1041 est
599 987 664 1065 per
710 989 866 1040 manum
906 961 1054 1041 Ricardi
1094 962 1141 1040 de
1183 962 1352 1070 Lucerna
1395 959 1587 1062 potestatis

76 1078 267 1160 Pinarolii.
746 1161 748 1166 ,

234 1233 276 1314 (E
297 1233 337 1296 B.
361 1234 438 1296 Tub.
463 1234 657 1309 Taurinanai,
682 1235 780 1297 Titan·
800 1233 883 1313 nauli
903 1234 1021 1296 antisti
1042 1234 1138 1308 Stati,
1161 1233 1229 1298 Vol.
1256 1237 1303 1306 15,
1329 1233 1362 1294 O.
1379 1233 1428 1293 42.
1450 1232 1588 1294 Μ.Η.Ρ.

157 1329 263 1397 (thart.
288 1332 389 1410 leat).

278 1709 447 1776 DOOLVI.
478 1748 512 1757 -
540 1707 602 1777 Da
629 1705 900 1780 matrimonio
927 1703 1140 1777 neufredi
1168 1707 1272 1792 nup.
1299 1701 1392 1775 filit.

683 1907 771 1977 1246,
792 1909 811 1968 8
833 1904 862 1967 d.
886 1904 974 1967 Maii.

150 2083 361 2163 Fridericus
389 2087 494 2165 Rom.
524 2086 615 2188 Imp.
643 2097 723 2164 rata
747 2085 864 2168 hahet
889 2095 1005 2187 panta,
1034 2085 1187 2166 nomine
1207 2093 1288 2188 ejus
1310 2099 1583 2187 aprouuratore

68 2232 141 2282 suo
168 2202 340 2282 Waltero
369 2205 415 2281 de
442 2205 546 2298 Oura,
573 2205 701 2284 Eleeto
728 2206 913 2308 Capuam,
941 2205 1035 2284 inita
1062 2232 1148 2284 eum
1168 2205 1336 2284 Amedeo
1354 2203 1492 2284 comite
1511 2206 1582 2285 Sa-

69 2321 232 2402 baudiae
260 2333 297 2400 et
333 2321 479 2402 Thorna
519 2322 565 2401 de
606 2323 793 2402 Sahaudia
833 2331 913 2424 ejus
941 2324 1079 2419 fratre,
1107 2352 1171 2426 pro
1211 2325 1446 2403 restitutione
1473 2325 1581 2403 castri

69 2440 293 2543 Ripularum
323 2441 458 2520 iisdem
487 2441 669 2536 facienda,
698 2457 749 2521 et¹
763 2445 809 2522 de
829 2443 1069 2524 matrimonio
1089 2443 1343 2523 contrahendo
1363 2443 1461 2522 inter
1477 2444 1583 2522 Man·

68 2559 220 2639 fredum
249 2561 390 2640 dictum
420 2563 619 2654 Lauretum,
646 2561 768 2643 filiurn
799 2562 1005 2642 naturalem
1036 2561 1289 2665 imperatoria,
1309 2576 1347 2642 et
1375 2560 1580 2642 Beatrieem

68 2677 192 2759 filiam
220 2680 376 2760 Amedei
405 2679 564 2775 comitis,
592 2680 758 2760 relictam
788 2681 972 2761 Manfredi
999 2683 1051 2763 Ill
1080 2682 1308 2763 marchionis
1327 2681 1568 2762 Salutiarum.

232 2847 334 2930 (ER.
357 2848 433 2913 Ταῦ.
457 2851 650 2913 Taurinenai.
672 2851 751 2930 Dap.
774 2852 953 2931 Imperial„
976 2851 1067 2914 Fuso.
1092 2854 1120 2926 Ι,
1143 2873 1176 2913 n.
1198 2855 1228 2913 8.

464 3224 650 3292 DOOLVII.
688 3261 738 3273 -·-
771 3219 901 3294 'l'arra
939 3220 989 3293 de
1025 3222 1203 3315 Villiey.

517 3418 604 3492 1246,
629 3419 665 3478 17
686 3421 715 3480 d.
740 3419 827 3480 Maii.
850 3421 943 3500 Apud
963 3421 1132 3483 Sedunum.

142 3597 330 3676 Henriuus
357 3599 551 3700 episeopus
580 3601 812 3680 Sedunensis
840 3629 904 3703 pru
934 3601 1072 3703 praetio
1100 3614 1251 3681 eentum
1281 3603 1467 3705 octoginta
1493 3605 1583 3683 dua·

63 3744 152 3796 rurn
170 3718 407 3795 marcharum
429 3717 613 3797 bonorum
635 3720 902 3823 sterlingorum
922 3719 1052 3800 vendit
1069 3722 1178 3802 Petro
1199 3721 1245 3800 de
1265 3721 1451 3802 Sabaudia
1470 3723 1581 3826 quid-

61 3835 158 3938 quid
187 3834 350 3914 habebat
376 3837 413 3916 iu
445 3851 539 3916 terra
558 3838 604 3916 de
626 3837 771 3942 Villiey‚
794 3851 936 3938 praeter
962 3840 1115 3920 feudum
1144 3839 1292 3920 comitis
1321 3841 1581 3922 Gabennansis

60 3967 102 4034 et
131 3954 288 4032 feudum
315 3954 360 4032 de
390 3955 484 4044 R0a3
513 3956 642 4034 vendit
666 3985 816 4060 quoque
844 3958 967 4036 eidem
995 3958 1104 4037 Petro
1132 3958 1284 4039 feudum
1324 3960 1506 4060 Ayrnonis
1535 3961 1580 4040 de

63 4075 230 4168 Sarrum,
258 4074 309 4152 ita
337 4087 379 4152 ut
400 4080 462 4174 jus
491 4085 705 4177 patronatus
732 4076 974 4156 eeclesiarum
998 4078 1044 4156 de
1063 4077 1239 4158 codrofin
1267 4090 1306 4157 et
1332 4079 1379 4159 de
1399 4080 1577 4161 Constan-

65 4193 148 4272 tina
175 4192 224 4272 ad
252 4218 339 4272 eum
367 4204 543 4273 transeat.

228 4361 331 4444 (ER.
355 4362 433 4425 Tab.
458 4362 640 4430 Taurinensi
662 4365 708 4428 M.
731 4365 777 4427 H.
799 4366 839 4427 Ρ.
862 4365 968 4428 chart.
991 4366 1038 4442 II,
1061 4367 1121 4429 ool.
1144 4369 1247 4446 1460).

210 4739 416 4807 DOOLVIII.
448 4780 481 4788 -
510 4740 665 4809 nemun
691 4740 811 4811 Petri
839 4738 890 4810 de
919 4740 1014 4812 Sub.
1044 4741 1088 4812 ln
1113 4742 1221 4813 Vino
1249 4741 1447 4813 Straund.

700 4937 788 4997 1246.
812 4935 953 4998 London.

139 5113 301 5192 Donatio
328 5113 479 5194 Henriei
509 5112 619 5220 Regis
646 5114 754 5194 Petro
783 5116 829 5194 de
858 5115 1047 5196 Sabaudia
1075 5117 1121 5196 de
1150 5118 1263 5197 durno
1290 5120 1415 5199 Briani
1443 5120 1489 5200 de
1518 5121 1578 5201 In·

57 5233 158 5322 sula,
187 5242 290 5310 extra
316 5231 506 5312 civitatem
536 5232 738 5328 Lundonii‚
764 5234 804 5312 in
832 5235 912 5313 vino
940 5248 1069 5316 vocato
1097 5236 1131 5316 le
1160 5238 1334 5317 Straund.

136 5497 139 5502 Δ
225 5401 548 5482 (Wunaraunnnaan,
571 5404 661 5468 Patri
681 5404 727 5466 Π
743 5404 830 5467 Hiat.
852 5405 945 5468 Proh.
968 5427 1041 5488 pag.
1066 5409 1133 5483 107,
1156 5409 1235 5470 Doo.
1260 5409 1340 5490 197).
