4050 6188
688 351 894 420 undosus
923 354 968 417 IV
1205 364 1207 368 '
1526 350 1597 415 207

83 612 289 714 omui·Jure
316 614 354 694 in
382 627 502 697 castro
528 617 670 720 Ripolis
697 628 736 698 et
762 617 923 721 poderio,
951 629 989 696 et
1015 618 1053 696 in
1074 616 1222 697 civitate
1249 613 1414 703 Taurini,
1439 617 1601 719 exceptis

84 731 159 811 illis
185 734 499 816 conventionibus
535 737 639 818 lactis
672 739 710 816 in
744 737 873 817 charta
912 738 1011 841 pacis
1047 735 1283 839 perbonam
1309 733 1521 817 iohannem
1553 737 1600 816 de

85 851 297 932 Merentino
327 855 482 934 notario.

161 973 306 1057 Testes:
334 974 500 1056 lacobus
527 978 573 1056 de
601 975 779 1066 Taurino,
797 978 925 1058 Ronus
942 977 1137 1057 lohannes
1165 975 1310 1056 Filinus
1332 974 1601 1070 0010510020-

84 1089 226 1185 lierins‚
252 1091 416 1175 lacobus
443 1093 490 1174 de
518 1095 620 1175 ouria
647 1096 788 1200 grande
816 1108 853 1175 et
880 1096 943 1176 alii
972 1095 1223 1198 quamplures.

156 1210 351 1292 lohannes
376 1212 552 1294 Julianus
580 1213 749 1294 notarius
777 1214 1018 1294 abbreviavit.

241 1363 283 1444 (Ε
305 1364 344 1426 R.
368 1365 444 1428 st.
468 1365 663 1430 Taurinami.
686 1368 771 1432 Mon.
794 1367 882 1432 Hier.
905 1367 997 1428 Patr.
1019 1367 1129 1430 thrt.
1152 1368 1181 1440 I,
1205 1367 1252 1429 col
1276 1370 1378 1446 1522).

237 1700 387 1768 DLXHI.
417 1737 452 1750 -
481 1696 666 1770 Donatlo
694 1694 909 1769 Bonifacll
936 1696 1092 1770 march.
1121 1694 1449 1769 Hontlrlsrrstl.

522 1894 612 1965 1225,
635 1894 653 1952 9
674 1893 704 1954 d.
721 1892 796 1953 Dec.
820 1893 869 1954 die
888 1892 993 1955 lunae.
1016 1894 1161 1956 Glevaxii.

160 2072 373 2154 Bonilacius
413 2073 583 2154 marchio
618 2073 882 2154 Montislerrati
919 2075 1034 2154 donat
1069 2075 1172 2155 uxori
1210 2101 1299 2155 suaa
1332 2073 1600 2177 Margarethae,

78 2191 243 2272 Amedei
271 2191 419 2273 comitis
447 2192 532 2272 Sab.
560 2193 682 2280 filiae,
710 2192 820 2273 leuda
853 2221 921 2274 sua
948 2195 986 2274 in
1014 2193 1121 2274 Valle
1148 2192 1276 2279 Mutii,
1305 2193 1343 2273 in
1372 2191 1536 2298 Collegic
1564 2206 1602 2273 et

78 2309 257 2404 Planitie,
285 2339 380 2415 quae
407 2313 598 2414 qnondam
628 2341 646 2392 a
676 2312 822 2394 Thoma
850 2313 987 2393 comite
1016 2313 1152 2394 tradita
1178 2324 1378 2416 acceperat.

244 2463 286 2544 (E
308 2463 347 2524 B.
371 2462 447 2526 aab.
472 2463 682 2543 Taurinanai).

323 2799 468 2869 DLXlV.
499 2837 534 2848 -
562 2795 747 2867 Daretis
776 2792 957 2866 madai
983 2795 1044 2866 1v
1070 2793 1240 2886 generis
1265 2795 1363 2866 suls.

523 2993 612 3065 1225,
634 2993 653 3052 9
672 2992 702 3052 d.
721 2992 797 3053 Dec.
819 2990 866 3055 die
888 2992 990 3054 lunae.
1013 2993 1160 3055 Oleraxii.

158 3177 347 3259 Arnedeus
373 3201 499 3254 comes
526 3173 736 3254 Sabaudiae
767 3173 1051 3256 marchionibus
1080 3175 1345 3255 Montislerrati
1374 3189 1411 3254 01
1443 3175 1607 3258 Salutis·

71 3325 181 3385 rum,
208 3294 355 3400 generis
381 3293 478 3389 suis,
506 3293 619 3373 tradit
645 3305 762 3373 terras
794 3294 921 3387 Susae,
954 3293 1157 3388 Aviliunae‚
1187 3296 1356 3388 Caburri,
1390 3297 1526 3401 Vigoni
1558 3311 1600 3376 et

73 3415 290 3509 librariolis,
318 3425 355 3492 et
382 3413 509 3493 omnia
527 3439 622 3516 quae
643 3413 856 3516 possederat
882 3439 947 3515 per
967 3413 1236 3494 bumbardiam
1256 3443 1275 3494 a
1298 3415 1378 3516 palo
1398 3415 1599 3496 Bonizouis

72 3562 204 3638 usqne
236 3534 282 3612 ad
315 3533 485 3638 Rargiam
495 3562 506 3632 3
534 3543 698 3612 reservat
733 3529 806 3610 sibi
838 3559 965 3610 comes
1000 3533 1276 3612 usumfructum
1312 3534 1357 3612 ad
1393 3535 1474 3614 dies
1501 3533 1598 3614 vitae

72 3685 121 3736 su
131 3682 187 3749 ae,
206 3667 243 3733 et
265 3659 327 3754 jus
354 3653 514 3755 augendi
534 3651 774 3731 donationem
798 3652 834 3730 in
856 3650 1011 3756 gratiam
1029 3651 1229 3732 alterutrae
1248 3652 1411 3734 filiarum
1433 3681 1600 3752 suarum,

73 3779 107 3858 si
144 3801 220 3855 uua
255 3800 384 3852 earnm
424 3783 634 3872 procrearet
673 3771 841 3870 prolem,
869 3771 985 3850 altera
1019 3799 1105 3851 vero
1137 3771 1240 3874 prole
1275 3783 1426 3852 careret.
1461 3773 1600 3852 Statuit

73 3909 213 3976 tamen
240 3890 481 3971 donationem
511 3890 661 3992 penitus
688 3889 874 3968 incessam
906 3890 1003 3983 lore,
1031 3891 1062 3969 si
1090 3888 1162 3970 sibi
1190 3891 1357 3970 Amedeo
1386 3903 1600 3972 nasceretur

73 4018 195 4095 heres
223 4010 423 4090 masculus.

243 4162 285 4244 (E
307 4161 346 4222 R.
369 4160 445 4223 aab.
469 4161 664 4224 Tauriueusi.
681 4161 978 4222 Wuasrrrsrssneun
1000 4160 1098 4241 (Petri
1120 4162 1166 4234 Π,
1183 4162 1331 4224 Historia
1345 4162 1438 4224 Pron.
1460 4183 1530 4242 pag.
1547 4165 1599 4242 58)

161 4259 382 4323 animadvertit
408 4276 540 4320 errorem
566 4258 721 4336 irrepsisse
742 4257 775 4316 in
798 4256 845 4318 die
865 4256 961 4335 hujus
991 4259 1020 4319 et
1050 4258 1257 4338 praecedentis
1289 4253 1436 4332 chartae,
1459 4260 1535 4338 quia
1560 4281 1598 4325 rx

159 4358 192 4418 d.
215 4355 392 4419 Decembris
412 4357 489 4417 anui
520 4357 596 4416 1235
619 4355 755 4417 concidit
775 4373 848 4415 cum
868 4355 916 4416 die
938 4354 1115 4418 Dominica.
1142 4355 1263 4419 Idcirco
1285 4357 1445 4437 legendum
1465 4357 1526 4419 erit
1551 4358 1599 4420 die

163 4473 189 4514 x
210 4451 414 4532 Decembris).

402 4786 529 4852 DLXV.
548 4823 579 4835 -
595 4782 809 4855 maurus
827 4785 897 4856 1v.
917 4785 1072 4855 Domus
1091 4781 1284 4855 Alllcnis.

346 4979 435 5049 1255,
458 4980 495 5039 25
516 4976 546 5038 d.
569 4978 690 5057 aprilis.
715 4978 786 5038 Iud.
811 4995 859 5038 rx.
882 4979 973 5058 Apud
994 4979 1328 5041 Montememelianum.

158 5162 350 5245 Amedeus
376 5189 502 5242 comes
531 5160 830 5242 Maurieunensis
849 5177 886 5242 et
905 5164 942 5243 in
961 5164 1068 5244 ltalia
1089 5164 1257 5245 marchio
1281 5164 1418 5246 Domui
1438 5165 1598 5247 Aillcnis

68 5281 360 5372 Carthasiensis
396 5280 546 5362 Ordinis
583 5281 698 5360 donat
735 5281 890 5362 liberam
928 5296 1146 5386 potestatem
1184 5282 1400 5387 acquirendi
1433 5285 1531 5365 bona
1559 5285 1597 5366 in

70 5399 273 5488 territorio
299 5399 455 5502 Playnia
482 5400 528 5478 de
556 5399 863 5482 Montemeliano.
