4096 6190
430 329 500 394 302
831 328 1028 396 Rnedsna
1054 328 1258 397 centron
1287 329 1533 398 sandonlan

671 720 928 792 DOOGLXXtX.
959 759 992 768 -
1022 719 1083 790 Do
1112 717 1297 810 eaptivin
1326 719 1692 814 friburcemlbu.

944 913 1017 977 Sine
1038 935 1120 976 anno
1140 925 1170 976 et
1189 916 1257 977 loeo
1278 918 1368 997 (1251
1380 915 1418 994 d).

497 1097 710 1176 Hermanos
737 1122 863 1175 eomes
890 1107 928 1176 et
954 1097 1189 1202 Margaretha
1208 1097 1399 1177 eomitissa
1426 1098 1472 1175 de
1491 1095 1622 1198 Kyhor
1640 1096 1794 1175 fratrem
1819 1123 1909 1175 sunm

420 1214 574 1293 Petrum
603 1213 650 1293 de
678 1215 878 1310 Sabaodia,
898 1215 1061 1294 militem
1087 1216 1398 1310 illustrissimum,
1418 1227 1559 1318 rogant,
1587 1229 1629 1293 nt
1656 1217 1754 1294 eires
1782 1215 1911 1295 Frihnr·

419 1359 553 1436 genses
572 1331 735 1435 captivos
763 1361 968 1436 eorumque
995 1363 1055 1413 res
1082 1333 1288 1414 liberaliter
1314 1335 1506 1422 restituam
1535 1348 1572 1412 et
1606 1333 1659 1413 illi
1694 1359 1806 1435 snper
1835 1334 1912 1412 ham
2003 1363 2004 1450 (

418 1477 498 1530 rem
526 1449 756 1555 colloquium
785 1467 1008 1556 proponunt.

574 1621 617 1704 (Ε
639 1621 678 1684 R.
701 1622 777 1684 aab.
801 1623 1000 1698 Taurinemi,
1021 1625 1143 1686 Innatat.
1172 1625 1284 1688 Wood.
1309 1625 1400 1687 Fano.
1424 1625 1480 1699 IV,
1504 1644 1535 1685 5.
1558 1626 1622 1704 87).

681 1967 920 2037 noceam.
949 2007 985 2018 -
1012 1967 1154 2040 Leone
1181 1971 1225 2040 et
1251 1967 1454 2040 Yaabella
1481 1967 1532 2039 do
1559 1970 1666 2060 (tay.

848 2165 937 2237 1252,
958 2182 1060 2228 manaa
1082 2165 1242 2228 Januario.
1264 2166 1357 2244 Apud
1377 2165 1501 2228 Borion.

492 2343 624 2424 Simon
652 2344 755 2424 filins
783 2344 949 2425 Simonis
976 2374 1009 2448 q.
1037 2345 1083 2424 de
1109 2342 1286 2426 doinrille
1306 2372 1459 2425 uxorem
1489 2345 1593 2424 dneit
1619 2345 1784 2425 Leonam
1806 2345 1904 2426 filiam

415 2490 449 2560 5.
478 2463 634 2541 Amadei
663 2463 808 2542 domini
836 2465 884 2543 de
911 2465 998 2566 Gay,
1027 2476 1064 2542 et
1083 2462 1265 2566 promittit
1284 2465 1393 2544 Petro
1411 2464 1458 2542 55
1478 2463 1666 2544 Sahaudia
1693 2479 1731 2543 et
1757 2463 1907 2566 Philippo

416 2580 544 2660 Eleate
558 2582 813 2686 Lugdunensi,
829 2583 973 2662 solvere
992 2584 1030 2664 in
1050 2583 1176 2662 dotem
1198 2582 1438 2688 Margaretaa‚
1454 2581 1555 2664 filiae
1571 2583 1749 2686 praedicti
1771 2582 1906 2664 Amedei
2003 2611 2004 2626 ¹

416 2699 596 2780 ducentos
624 2700 796 2780 marohos
823 2705 967 2806 argenti
987 2715 1024 2780 et
1042 2701 1171 2781 deoam
1195 2699 1349 2780 libratas
1369 2700 1638 2782 Gobannanses
1659 2714 1776 2782 terrae
1793 2729 1907 2784 census
2003 2791 2004 2794 p

415 2818 543 2898 annui.
577 2819 743 2898 Eandem
785 2820 980 2921 paeoniam
1029 2819 1213 2922 promittit
1251 2819 1452 2913 lsabellae,
1483 2819 1585 2900 alteri
1621 2819 1721 2902 filiae
1756 2821 1904 2922 ejusdem
2003 2893 2004 2924 ¹

415 2964 447 3038 q.
479 2936 647 3032 Amedei,
675 2938 805 3018 eadem
835 2939 980 3018 ratione
1008 2939 1106 3018 dotis
1133 2965 1243 3019 eausa
1270 2938 1503 3018 matrimonii
1530 2937 1599 3018 soi.

573 3107 615 3189 (E
638 3108 677 3168 R.
701 3108 777 3170 aab.
801 3109 997 3182 Taurinenai,
1016 3110 1136 3171 155551.
1161 3110 1235 3172 Sao.
1253 3110 1343 3172 Fare.
1358 3109 1388 3181 Ι,
1403 3129 1435 3169 5.
1453 3111 1502 3169 45.
1518 3108 1814 3180 venerationem,
1828 3109 1902 3170 Hiat.

494 3204 584 3266 Petri
604 3205 659 3278 ΙΙ,
681 3206 772 3267 Prod.
797 3227 867 3285 pag.
893 3210 960 3281 152,
985 3207 1064 3268 Doo.
1087 3209 1170 3286 290).

715 3549 971 3619 DCOOLXXXI.
1007 3591 1055 3600 -
1092 3549 1315 3623 Sententia
1341 3551 1521 3623 madai
1548 3553 1618 3624 1v.

751 3747 838 3818 1252,
861 3747 879 3804 8
900 3747 930 3808 5.
956 3747 1028 3809 dan.
1051 3747 1122 3809 Ι55.
1145 3766 1179 3808 x.
1202 3748 1295 3828 Apud
1316 3750 1439 3826 Aquam
1460 3747 1584 3810 bellam.

486 3925 677 4004 Amedeus
705 3951 831 4004 eomes
859 3925 1069 4006 Sabaudiae
1097 3935 1196 4006 etin
1224 3927 1329 4007 Italia
1356 3928 1524 4009 marchio
1552 3928 1656 4008 litem
1685 3930 1780 4008 inter
1804 3931 1903 4008 Ame-

411 4044 524 4124 daum
554 4043 883 4126 Maurienneosem
914 4043 1127 4147 episcopum
1157 4057 1196 4125 et
1221 4048 1373 4126 Petrum
1403 4049 1449 4128 de
1478 4048 1634 4129 Camere
1667 4063 1812 4152 propter
1831 4055 1904 4148 J'ora

410 4163 457 4243 ad
487 4163 717 4266 episcopium
746 4163 970 4265 pertinentia
998 4163 1035 4243 in
1064 4165 1238 4268 parochia
1265 4168 1301 4247 S.
1329 4166 1487 4270 Remigii
1515 4167 1665 4272 tigniaai
1692 4179 1729 4246 et
1762 4169 1796 4246 S.
1829 4167 1903 4245 Ste-

407 4281 521 4385 phani
551 4283 598 4361 55
633 4280 753 4361 Cuina
791 4309 835 4360 ex
869 4282 1137 4363 donationibus
1170 4312 1191 4362 a
1224 4284 1362 4365 comite
1399 4285 1609 4366 Sabaudiae
1644 4285 1906 4380 detrahendo
2003 4315 2004 4378 p

406 4401 608 4506 proborum
637 4413 674 4480 et
702 4400 905 4504 peritorum
935 4402 1097 4480 virorum
1128 4404 1297 4502 oonsilio,
1327 4403 1527 4508 componit.

481 4521 609 4600 Testes
635 4519 789 4599 fuerant
815 4520 1040 4602 Guillelmrrs
1067 4521 1113 4600 de
1146 4520 1291 4620 Villeta,
1320 4521 1458 4604 Petrus
1494 4523 1540 4603 de
1574 4525 1704 4612 Ponte,
1740 4524 1830 4603 Boso
1865 4521 1905 4600 de
2003 4575 2004 4620 4

406 4640 542 4749 Cuina,
580 4639 776 4743 Philippus
813 4639 859 4720 55
894 4640 1124 4728 1155551555,
1159 4641 1346 4722 Giraudus
1382 4644 1427 4722 de
1462 4643 1601 4732 Goion,
1629 4641 1839 4721 Rostannos
1866 4641 1905 4717 de
2003 4737 2004 4740 Ἴ

403 4758 611 4864 Rupeoola,
646 4761 781 4840 Petrus
822 4762 869 4840 de
907 4760 1071 4850 Turnio‚
1100 4761 1313 4840 Bernardns
1340 4762 1386 4842 de
1414 4761 1568 4853 Guado,
1603 4761 1829 4842 Homhertns
1864 4759 1904 4837 de
2003 4741 2004 4792 ⁷

402 4878 557 4972 Mailles,
583 4879 823 4961 Antelmetns
852 4880 897 4961 de
925 4879 1094 4969 Miolans,
1114 4878 1345 4962 Homhertns
1374 4879 1620 4976 mareschalli,
1640 4882 1771 4960 Petrus
1796 4880 1904 4958 Mare-

402 4998 534 5080 sohalli
563 5011 600 5079 et
628 4999 751 5104 plures
779 5000 855 5079 alii.
1849 5088 1851 5092 ⁷

474 5121 640 5201 daeobns
667 5118 834 5200 Barbarii
864 5119 1014 5222 Imperii
1052 5131 1090 5197 ot
1117 5118 1265 5196 comitis
1293 5117 1504 5198 Sabandiae
1524 5119 1691 5198 notarius
1718 5117 1865 5222 scripsit

559 5287 1374 5374 (55555515555555555.5515055555
1403 5291 1432 5349 et
1458 5287 1592 5349 Paorrra.
1620 5289 1702 5350 Doo.
1732 5290 1810 5351 5555
1839 5285 1897 5362 Sip.

479 5407 550 5468 pag.
574 5391 662 5470 185).
