4050 6188
572 349 813 416 HOSPITIUM
844 348 1101 416 tusuuaatttt
1523 352 1593 415 219

419 816 578 882 D011.--
607 812 800 902 Ecclesia
828 813 1012 884 Sanctae
1041 811 1243 884 wandra.

639 1031 727 1102 1239,
749 1048 850 1092 manse
871 1030 1022 1108 Augusto.

145 1229 353 1312 Conventio
380 1230 479 1311 inter
505 1227 702 1309 ecclesiam
723 1241 874 1340 sapctae
892 1228 1066 1308 Waudru
1087 1255 1132 1308 ex
1151 1257 1225 1307 una
1246 1239 1358 1332 parte,
1375 1229 1588 1312 Jobannam
1623 1245 1626 1250 ’

66 1352 300 1431 comitissam
329 1350 539 1444 Flandriae‚
570 1349 754 1429 Tbomam
784 1349 829 1427 de
858 1346 1064 1442 Sabaudia,
1093 1360 1130 1426 et
1157 1347 1305 1428 Limaes
1343 1349 1590 1430 castellanum

66 1470 330 1551 Bruxellarum
359 1497 403 1550 ex
431 1468 559 1564 altera,
587 1496 698 1572 supra
726 1495 860 1546 nemus
895 1501 912 1541 u
940 1468 986 1546 de
1016 1467 1097 1546 Hal.
1127 1503 1144 1538 n

226 1643 489 1723 (Rurrrauauno,
512 1639 587 1700 Lao.
612 1637 665 1702 cit.
691 1657 762 1718 pag.
786 1640 850 1716 20).

179 2053 298 2120 DCIII.
330 2091 363 2099 -
391 2046 611 2138 Adventus
639 2051 821 2121 Thomas
848 2050 897 2122 do
926 2050 1022 2123 flat).
1052 2051 1221 2122 comitis
1248 2051 1478 2126 flandriae

686 2187 731 2257 in
755 2187 982 2279 Angliam.

788 2405 875 2466 tata.

150 2637 168 2678 u
187 2602 291 2685 Circa
318 2603 456 2684 festum
483 2604 763 2708 Assunrptionis
791 2606 922 2686 beatae
951 2605 1100 2702 Mariae,
1130 2607 1296 2686 venitin
1323 2606 1500 2712 Angliam
1523 2633 1586 2687 co-

61 2754 150 2804 mes
177 2723 387 2812 Flandriae
415 2724 604 2828 applicans
630 2725 727 2827 apud
755 2725 958 2824 Doveram3
988 2725 1163 2805 videlicet
1181 2726 1358 2825 Thomas,
1377 2725 1585 2806 avunculus

60 2844 244 2950 Reginae.
273 2845 326 2922 De
354 2849 461 2944 cujus
483 2845 645 2923 adventu
675 2871 761 2923 curu
780 2846 857 2923 Rex
877 2845 1157 2940 certificaretur,
1173 2873 1281 2925 secus
1301 2872 1413 2948 quam
1436 2845 1586 2925 deceret

57 2962 319 3042 laetabundus
347 2963 509 3042 occurrit
542 2963 721 3051 venienti.
754 2964 1003 3068 praecipitque
1032 2965 1130 3044 cives
1159 2965 1420 3045 Londinenses
1449 2963 1487 3045 in
1515 2964 1584 3043 ad-

54 3097 179 3163 ventu
219 3089 300 3184 ejus
340 3111 472 3163 omnes
513 3095 664 3163 truncos
706 3096 744 3162 et
782 3083 1030 3186 sterquilinia,
1061 3085 1181 3164 lutum
1212 3112 1361 3188 quoquc
1390 3099 1427 3163 et
1454 3083 1582 3163 omnia

52 3200 289 3283 offendicula
317 3230 338 3292 a
366 3201 499 3304 plateis
528 3203 749 3283 festinanter
767 3229 959 3289 amovere;
980 3204 1154 3306 civesque
1174 3202 1316 3284 lestinis
1336 3202 1504 3283 vestibus
1529 3231 1586 3282 or·

55 3333 184 3416 natos,
213 3322 250 3400 in
279 3323 386 3424 equis
420 3321 544 3402 eidem
585 3323 714 3403 comiti
754 3336 944 3427 gratanter
972 3349 1165 3403 occurrere
1192 3323 1405 3427 phaleratis.
1438 3323 1481 3404 lu
1510 3349 1585 3425 quo

57 3443 175 3530 lacto,
203 3441 281 3522 Rex
309 3442 514 3522 multorum
543 3441 696 3522 sibilum
725 3443 843 3524 movit
870 3454 908 3522 et
934 3443 1178 3523 cachinnum.
1207 3444 1402 3524 Recedens
1429 3470 1516 3522 vero
1539 3440 1587 3520 ab

57 3561 205 3668 Anglia
232 3559 329 3640 infra
355 3588 492 3664 paucos
520 3561 609 3656 dies,
637 3564 723 3664 quia
757 3561 910 3642 licentia
943 3562 1090 3642 domini
1119 3563 1229 3667 Regis
1258 3564 1487 3644 Francorum
1516 3561 1579 3640 diu

55 3710 141 3761 non
171 3681 456 3776 extendebatur,
483 3679 708 3786 quingentas
736 3710 881 3762 marcas
911 3711 930 3760 a
957 3683 1058 3786 Rege
1086 3695 1252 3784 receptas
1280 3681 1492 3785 asportavit.
1514 3682 1585 3761 Re-

56 3801 265 3902 ditumque
284 3801 450 3879 totidem
478 3801 687 3896 annuatim,
714 3829 829 3902 quem
857 3799 930 3880 sibi
958 3799 1116 3880 attinere
1140 3808 1225 3902 jure
1253 3799 1408 3903 antiquo
1428 3827 1448 3878 a
1468 3800 1584 3904 Regio

53 3918 270 4012 Scaccari0,
312 3917 594 4021 recipiendum,
628 3946 693 4021 pro
729 3919 908 4024 homagio
949 3947 1042 4014 suc,
1079 3918 1221 4022 absque
1262 3919 1483 3998 difficultate
1526 3918 1584 3997 rel

55 4066 170 4118 mora
197 4037 423 4138 impetravit.

227 4209 420 4292 (Muranum
442 4209 555 4284 Panis,
578 4211 724 4276 Historia
745 4211 862 4288 Maior,
886 4231 917 4291 p.
942 4214 1023 4290 515).

464 4623 578 4693 nutv.
609 4661 642 4670 -
671 4619 914 4707 Hospitium
939 4619 1186 4691 baulorum.

613 4839 702 4911 1229,
725 4855 828 4900 manaa
849 4835 1033 4916 Septembri.
1120 4915 1124 4926 ι

138 5039 288 5118 Statuta
310 5047 336 5115 'a
363 5035 507 5115 Tboma
539 5036 585 5114 de
619 5035 808 5116 Sabaudia
845 5035 983 5115 comite
1016 5033 1215 5114 Flandriae
1250 5048 1288 5114 et
1319 5033 1494 5114 lohanno
1522 5061 1582 5113 co·
1615 5085 1618 5092 ·

48 5159 212 5240 mitissa
239 5156 326 5236 data
354 5155 533 5259 Hospitio,
559 5156 659 5257 quod
686 5155 822 5234 lnsulis
850 5154 1109 5234 fundaverant.

225 5327 487 5409 (Rurnrauuuna,
511 5327 585 5387 Luc.
609 5327 662 5388 cit.
687 5347 758 5407 pag.
783 5327 846 5406 20).
