4070 6186
441 359 509 423 158
842 354 1037 423 RDGDSTA
1066 355 1271 423 DOMITUM
1298 354 1542 423 SABAUDIAD

433 591 569 689 ferreti,
595 591 809 672 Menfredus
838 591 1007 674 marchio
1033 593 1080 672 de
1100 590 1263 682 saleriis,
1282 591 1379 672 Otho
1399 591 1569 671 marchio
1593 590 1640 670 de
1662 591 1824 686 Carreto,
1846 590 1920 670 Hen-

433 712 531 792 ricus
561 710 728 790 marchio
755 712 802 791 de
829 712 990 798 Caerete,
1017 710 1262 815 Belengcrins
1291 709 1463 790 marchio
1490 709 1535 789 de
1561 709 1706 796 Rusca,
1733 707 1920 789 Manlredus

435 830 580 912 Lancea
606 829 776 970 marchio
803 831 850 911 de
875 831 1008 912 Busae.

481 1089 483 1092 ,
591 1018 770 1102 (Murmur,
795 1018 947 1081 Menoec
966 1018 1002 1079 di
1023 1017 1166 1093 saraae,
1192 1015 1263 1080 Vol.
1288 1001 1336 1092 II,
1361 1037 1431 1099 pag.
1460 1019 1543 1098 158).

434 1435 702 1506 coxxt111.-
730 1429 960 1521 adelayda
987 1427 1215 1504 (tomttlaaa
1242 1427 1511 1501 reuomente·
1528 1425 1714 1520 Gutgoul
1731 1427 1924 1516 Delphina

639 1567 886 1659 homagium
912 1564 1022 1639 tacit
1049 1565 1100 1638 de
1128 1565 1427 1637 marchionatu
1453 1564 1734 1639 astuciarum.

951 1766 1039 1837 1210,
1062 1765 1081 1822 8
1101 1763 1244 1841 Augusti,
1267 1763 1338 1825 Iud.
1361 1783 1437 1824 vrrr.

509 1965 704 2067 Regnante
730 1962 807 2042 Ser.
835 1961 1032 2042 Frederico
1059 1962 1314 2042 Romanorum
1354 1961 1446 2063 Imp.
1474 1972 1512 2041 et
1538 1955 1666 2040 Sicilie
1692 1983 1790 2062 rege.
1818 1959 1929 2037 Pateat

435 2082 615 2163 universis
642 2093 721 2161 tem
749 2080 1008 2185 praesentibus
1026 2109 1141 2184 quem
1170 2081 1317 2176 laturis,
1339 2081 1438 2185 quod
1467 2093 1550 2183 post
1576 2077 1696 2158 multe
1719 2077 1836 2158 rerba
1853 2077 1929 2156 facta

434 2230 498 2305 per
523 2200 743 2307 religiosum
770 2202 812 2280 D.
841 2201 1036 2281 Simonem
1075 2201 1122 2281 de
1152 2200 1354 2282 Ploohasto
1394 2199 1571 2281 abbatem
1606 2197 1816 2302 Stapharde
1849 2197 1931 2277 inter

432 2320 616 2403 illustrem
646 2319 855 2425 Guigonem
874 2318 1107 2422 Delphinum
1124 2320 1383 2402 Viennensem
1403 2333 1442 2400 et
1457 2318 1687 2421 Adaleydem
1714 2317 1928 2399 comitissam

431 2439 673 2522 Pedemontis
701 2438 820 2518 filiam
848 2438 1021 2535 Olderici,
1048 2437 1161 2519 ambo
1197 2441 1293 2541 apud
1329 2439 1579 2520 Ehredunum
1614 2451 1879 2532 convenerunt,
1902 2448 1930 2514 et

430 2561 483 2642 sic
513 2559 843 2648 concordaverunt.
876 2560 960 2663 lpse
987 2558 1197 2656 Comitissa,
1237 2559 1358 2663 neptis
1389 2558 1507 2662 ipsius
1533 2557 1723 2662 Delphini,
1749 2555 1931 2660 requisivit

433 2681 554 2783 ipsum
582 2677 815 2783 Delphinum
848 2679 947 2782 quod
979 2678 1099 2782 ipsam
1135 2679 1248 2760 vellet
1287 2679 1462 2781 adjuvere
1495 2679 1543 2760 ad
1574 2682 1795 2760 comitatum
1831 2702 1928 2760 suun

431 2797 710 2880 defendendum
740 2810 868 2878 contre
895 2797 1163 2901 Raymundum
1191 2797 1458 2903 Berengerium
1487 2795 1665 2879 comitem
1692 2798 1887 2879 Provincia
1903 2809 1931 2874 et
1986 2815 1987 2878 t

433 2917 690 3022 Folcelquerii,
717 2918 781 3020 qni
810 2928 945 2996 terram
973 2945 1081 2997 suam
1110 2917 1158 2997 de
1185 2918 1281 2998 ultra
1315 2919 1463 2999 Sturam
1491 2916 1650 2998 vastavit
1675 2929 1714 2998 et
1749 2924 1835 3025 igne
1869 2943 1930 2998 cre·

434 3036 558 3132 mevit,
586 3035 747 3116 offerens
773 3061 812 3116 se
849 3036 926 3139 ipsa
966 3036 1156 3116 comitisse
1184 3036 1251 3139 ipsi
1279 3036 1479 3140 Delphina,
1507 3049 1639 3140 patruo
1667 3064 1749 3135 sno,
1775 3038 1875 3141 quod
1901 3035 1930 3114 in

433 3155 558 3236 nobile
585 3169 622 3236 et
646 3153 786 3261 gentile
804 3155 973 3252 feudum,
994 3165 1188 3259 antiquum
1209 3168 1247 3235 et
1264 3169 1461 3259 paternum
1480 3183 1544 3259 per
1563 3184 1603 3237 se
1622 3170 1660 3236 et
1677 3183 1766 3237 suos
1785 3155 1932 3237 heredes

432 3289 470 3355 et
495 3301 729 3356 successores
755 3288 1009 3381 recognoscet,
1036 3287 1074 3355 et
1100 3274 1188 3355 inde
1227 3275 1448 3382 homagium
1491 3275 1603 3356 faciet
1641 3276 1930 3356 marchionatum

430 3422 539 3474 snum
575 3393 820 3483 Seluciernm,
848 3395 958 3474 salvis
986 3409 1113 3475 temen
1142 3393 1454 3498 appellationibus
1481 3406 1521 3475 ct
1545 3395 1659 3476 sacris
1690 3394 1838 3498 juribus
1869 3395 1932 3473 im-

432 3512 643 3615 perialibus.
665 3511 731 3594 Cui
752 3513 871 3618 Gnigo
889 3512 1099 3616 Delphinus
1118 3515 1217 3593 Dicte
1236 3513 1359 3617 neptis
1379 3543 1444 3594 sne
1463 3515 1655 3596 comitisse
1674 3514 1852 3617 promisit,
1872 3523 1929 3592 etc

431 3648 468 3710 et
494 3631 613 3736 ipsam
645 3631 876 3735 hdelaydem
904 3631 1145 3724 comitissam,
1175 3632 1271 3714 facta
1292 3633 1474 3714 fidelitate
1499 3648 1537 3714 et
1563 3633 1739 3740 homagio
1772 3630 1858 3739 ligio
1893 3631 1932 3710 de

431 3749 596 3854 predicto
623 3751 883 3832 marchionatu
912 3779 980 3833 suo
1008 3751 1190 3844 Saluciee,
1217 3751 1412 3859 evaginato
1439 3752 1563 3860 gladio
1590 3753 1813 3834 solemniter
1836 3751 1932 3831 inre·

430 3869 534 3950 stivit
566 3897 631 3974 per
665 3897 705 3950 se
737 3882 776 3950 et
800 3898 887 3951 suos
917 3871 1090 3966 heredes,
1117 3883 1185 3953 etc.
1211 3872 1306 3951 Acta
1336 3883 1427 3952 sunt
1452 3871 1545 3953 haec
1571 3873 1669 3976 apud
1696 3870 1929 3952 Dbredunum

430 3991 467 4068 in
495 3990 607 4069 domo
634 3988 954 4093 Archiepiscopeli
980 3989 1018 4069 in
1047 3990 1256 4094 praesentia
1282 3989 1488 4071 Reimundi
1522 3990 1793 4096 archiepiscopi
1819 4001 1854 4070 et
1874 4014 1932 4066 ve-

433 4106 608 4188 nerahilis
642 4107 807 4188 Simonis
840 4106 986 4189 abbatis
1008 4109 1163 4212 predicti
1190 4121 1228 4189 et
1258 4107 1387 4191 Uherti
1418 4109 1565 4190 comitis
1592 4105 1869 4202 Blandinensis,
1897 4115 1930 4184 et

433 4227 591 4330 Dynerdi
627 4228 674 4309 de
709 4227 912 4333 Menglono
947 4239 985 4308 et
1015 4227 1194 4310 Guilelmi
1228 4230 1274 4310 de
1305 4228 1422 4309 Podio
1457 4242 1494 4310 et
1528 4228 1715 4310 Johannis
1742 4224 1927 4310 Alemanni

432 4346 607 4444 rnilitum,
634 4360 704 4427 etc.
735 4345 899 4428 Jacobus
934 4347 1100 4428 Cicerani
1136 4347 1301 4428 noterius
1328 4348 1363 4428 S.
1391 4346 1525 4429 Palatii
1551 4348 1711 4451 scripsit.

623 4535 836 4616 (Du-Genera
857 4537 986 4610 Aruns,
1008 4535 1096 4598 Hiet.
1118 4535 1233 4613 cheat.
1257 4535 1311 4596 dee
1332 4536 1420 4598 Daca
1434 4537 1472 4598 de
1486 4537 1681 4615 Bocrpopae,
1695 4539 1756 4598 etc.
1775 4533 1926 4600 nuens

506 4633 653 4695 Memoria
671 4635 1014 4712 swricodiptomaticte
1034 4633 1070 4692 di
1084 4631 1228 4704 Salaeca,
1251 4632 1340 4694 Tem.
1362 4632 1408 4707 11,
1424 4653 1496 4712 pag.
1520 4636 1588 4696 161.
1611 4633 1833 4696 Documentum
1851 4628 1927 4690 laede

504 4731 682 4794 confictum.
704 4731 850 4792 Alesiam
871 4749 997 4791 uxorem
1017 4729 1171 4791 Manfredi
1192 4729 1239 4802 II,
1262 4731 1311 4792 cui
1334 4735 1570 4809 cognomentum
1591 4730 1729 4793 Punasio
1749 4749 1783 4792 ex
1804 4726 1927 4808 quodam

504 4829 573 4892 nasi
594 4829 670 4892 vitio
690 4828 763 4903 init,
786 4827 960 4889 Guilelmus
980 4826 1026 4890 IV
1048 4826 1270 4889 Montisierrati
1289 4828 1431 4890 marchio
1460 4828 1578 4906 genuit,
1600 4847 1664 4890 uon
1686 4829 1743 4890 iste
1767 4824 1922 4888 Oldericua

504 4925 628 5004 ignotus
650 4926 801 5004 Gnigonis
822 4923 971 5003 Delphini
992 4923 1086 4985 frater
1095 4951 1103 4998 3
1118 4942 1215 5004 neque
1229 4924 1426 4987 Pcdcmoatie
1440 4925 1612 4987 comitianae
1626 4925 1805 5004 dignitatem
1823 4921 1924 4982 Alesia

505 5020 654 5096 obtinuit,
682 5025 773 5103 cnjus
802 5041 841 5084 ue
871 5039 983 5083 nomen
1010 5021 1132 5100 quidem
1161 5021 1296 5084 extabat.
1318 5021 1498 5084 Mansuetus
1518 5021 1552 5082 H
1578 5022 1736 5085 Puuasine
1760 5037 1835 5084 anuo
1852 5017 1923 5077 1210

505 5119 639 5196 vivebat,
661 5123 851 5201 quapropter
877 5137 954 5180 uxor
973 5119 1039 5197 eJue
1069 5117 1134 5180 siue
1159 5119 1307 5181 mandato
1335 5117 1396 5182 viri
1425 5117 1677 5182 marchionatum
1708 5120 1767 5198 legi
1790 5111 1922 5190 ventrali

503 5217 693 5292 submittere,
725 5236 781 5279 nee
802 5219 1034 5278 sacramentum
1064 5213 1219 5294 Delphino
1250 5217 1349 5279 dicere
1379 5215 1539 5296 potuisset.
1573 5215 1737 5280 Praeterea
1766 5216 1819 5278 heo
1844 5225 1920 5272 anno

505 5315 578 5377 Otto
598 5315 644 5378 IV
664 5317 832 5396 imperator
855 5313 1015 5392 regnabat,
1039 5332 1104 5375 uon
1128 5313 1304 5376 Fridericne
1317 5312 1363 5388 11,
1386 5317 1476 5393 atqtm
1492 5311 1628 5376 indictio
1650 5313 1745 5390 XIII,
1765 5333 1820 5376 nou
1846 5303 1917 5368 Vffl

506 5413 650 5478 rerhbat.
667 5413 808 5496 Denique
823 5411 1019 5479 Raimundua
1033 5411 1238 5490 Borangariua
1253 5431 1335 5474 auno
1351 5411 1426 5476 1210
1440 5410 1602 5476 duodecim
1615 5432 1714 5478 annos
1734 5423 1818 5476 uatus
1833 5407 1912 5472 eretr-
