4070 6186
436 385 440 394 ·
471 359 516 422 74
873 353 1068 420 REGESTA
1096 353 1300 422 OOlllTUM
1328 354 1572 422 saeternae

1826 465 1957 473 .—

470 704 597 771 ocvu.
617 742 651 753 -
664 699 840 773 Melete
853 698 993 773 comit.
1010 702 1053 772 et
1069 699 1325 773 Benedictus
1340 699 1472 772 ebbae
1491 700 1532 770 Β.
1551 698 1788 777 Michaelis,
1807 699 1961 770 Rornae.

1156 899 1229 960 rear
1252 899 1295 978 (a)

542 1082 772 1157 Benedictus
798 1082 852 1156 ed
886 1084 1072 1156 erronem
1107 1089 1276 1155 montem
1312 1101 1545 1177 properares,
1586 1081 1701 1154 iesse
1741 1076 1903 1154 Henrici
1925 1077 1963 1154 ll'

469 1203 705 1297 interceptos
730 1202 775 1274 tn
800 1202 943 1298 cepitis
969 1200 1263 1275 dimicet-teneor
1292 1209 1379 1273 eret
1405 1199 1602 1274 adductus
1612 1221 1630 1286 ,·

549 1349 566 1387 u
584 1315 657 1396 Sed
660 1374 768 1391 .....
793 1313 901 1394 alluit
929 1313 981 1394 illi
1009 1313 1195 1418 praesidio
1221 1312 1412 1394 Adeleidis
1439 1313 1650 1404 Marohisie,
1677 1312 1814 1392 mulier
1845 1313 1882 1392 in
1908 1312 1964 1391 Dei

469 1435 581 1517 rebus
608 1447 698 1514 tune
725 1434 822 1514 bene
849 1434 992 1528 devota,
1012 1447 1049 1513 et
1075 1433 1114 1513 in
1147 1459 1272 1512 rerum
1300 1432 1624 1514 administratione
1660 1431 1961 1517 constantissima.

469 1555 514 1634 ‹le
542 1554 648 1634 euius
677 1567 796 1634 morte
825 1553 942 1632 multa
969 1553 1063 1632 laeta
1091 1555 1226 1654 praede
1255 1565 1381 1632 nostra
1408 1579 1527 1654 usque
1553 1552 1666 1631 hodie
1685 1551 1832 1656 gemuit
1851 1550 1963 1654 patria.

470 1676 570 1754 llaec
605 1674 744 1776 itaque,
780 1674 958 1776 quonium
994 1673 1092 1775 apud
1129 1699 1257 1776 regem
1291 1671 1593 1774 teno'temporis
1626 1670 1790 1751 multum
1826 1683 1967 1772 potarat,

469 1804 682 1874 constanter
708 1795 754 1873 ad
782 1820 868 1872 eum
897 1793 1021 1886 intrat,
1048 1804 1085 1872 et
1113 1804 1155 1871 ut
1180 1791 1288 1873 illum
1316 1791 1384 1871 Dei
1413 1791 1610 1882 famulum,
1629 1791 1693 1894 qui
1711 1789 1825 1872 etiem
1853 1815 1966 1869 secem

468 1925 632 2008 venerat,
658 1912 731 1993 sibi
759 1941 823 2016 pro
851 1939 917 1993 sua
945 1910 1079 1991 reddat
1104 1909 1304 1990 clementia
1331 1909 1525 1990 humiliter
1550 1909 1749 2013 supplicat:
1777 1935 1894 2012 seque
1919 1935 1966 1986 ro·

467 2031 570 2127 verti,
600 2032 670 2112 nisi
689 2059 733 2111 eo
760 2043 919 2134 recepto,
946 2029 1189 2134 impossibile.
1219 2028 1351 2109 Visum
1387 2041 1445 2108 est
1478 2055 1566 2132 ergo
1594 2029 1670 2133 regi
1698 2027 1800 2130 quod
1829 2027 1966 2130 petebat

467 2151 624 2248 durem;
654 2154 750 2230 hene
777 2164 903 2229 tamen
931 2148 1119 2229 offendere
1147 2160 1249 2228 ratus
1278 2175 1352 2226 non
1382 2174 1462 2227 esse
1490 2147 1563 2228 sibi
1592 2146 1793 2253 integrum,
1812 2173 1858 2226 eo
1884 2145 1969 2248 quod

469 2270 574 2376 regni
601 2270 881 2373 quodammodo
908 2268 1028 2348 eleves
1056 2279 1093 2348 et
1120 2266 1402 2372 longobardiae
1439 2279 1583 2346 teneret
1623 2265 1781 2360 aditum,
1808 2264 1966 2368 quamvis

469 2389 608 2469 invitus
636 2388 875 2491 multumque
902 2387 1079 2476 renitens,
1106 2402 1251 2490 patrem
1280 2385 1402 2464 reddit
1428 2385 1676 2466 Benedielem
1696 2417 1729 2460 o.

628 2542 789 2622 (Venerat.
805 2541 965 2603 Benedicti
982 2541 1121 2602 Gleueini
1144 2540 1263 2602 ebbetie
1277 2539 1342 2600 vita
1355 2521 1438 2601 auct.
1456 2540 1643 2602 Wrmenuo
1654 2539 1832 2600 Moueeuo.
1844 2537 1967 2600 M.H.l’.
2025 2533 2026 2582 i

550 2641 665 2718 Struit.
689 2639 778 2701 Tem.
800 2639 864 2712 111,
886 2639 932 2701 eol
955 2640 1037 2718 290).

772 2932 916 3001 001111.
943 2969 992 2980 -
1021 2927 1137 3000 oddo
1164 2930 1206 2999 11
1232 2927 1427 2999 Aetenele
1454 2927 1684 3015 epiecopus.

1065 3126 1153 3197 1001,
1175 3123 1246 3186 Iud.
1270 3143 1316 3184 ιν.

546 3305 798 3385 Commutatio
834 3303 1020 3384 bonorem
1058 3307 1156 3383 inter
1191 3304 1391 3386 Oddonem
1429 3305 1646 3408 episcopum
1683 3307 1887 3385 Astensem
1922 3334 1974 3409 per
2025 3319 2026 3400 i

471 3451 624 3504 reanum
655 3424 820 3504 Oddonis
847 3424 893 3502 de
921 3423 1050 3503 ordine
1078 3424 1193 3527 ipsius
1221 3424 1398 3526 episcopii
1430 3439 1467 3503 et
1496 3425 1599 3504 missi
1629 3424 1804 3528 episcopi,
1830 3439 1869 3504 et
1888 3428 1974 3505 Vui-
2025 3435 2026 3524 ξ

469 3527 606 3606 donem
638 3527 653 3606 l
687 3557 720 3629 q.
749 3525 975 3630 lugelmar-ii,
1007 3527 1087 3630 lege
1117 3528 1243 3607 vivens
1263 3555 1419 3607 romana
1437 3555 1482 3605 ex
1511 3527 1660 3607 natione
1688 3554 1765 3604 sue.
1787 3526 1892 3606 Bona
1913 3529 1973 3608 sila
2025 3535 2026 3578 i

469 3659 557 3724 sunt
583 3646 622 3725 iu
650 3644 737 3725 villa
767 3647 913 3728 Placide
941 3660 977 3726 ot
1004 3647 1211 3727 llirahello.
1240 3695 1276 3705 —
1305 3648 1340 3726 S.
1368 3645 1569 3726 Veridonis
1599 3659 1636 3725 et
1663 3646 1826 3724 testium.

545 3764 681 3846 Benizo
709 3765 873 3846 notarius
902 3768 938 3846 S.
967 3766 1096 3847 Palatii
1125 3766 1282 3868 scripsit.

627 3918 674 3996 (s
697 3917 772 3979 st.
796 3918 883 3980 Eool.
909 3918 1000 3979 Geth.
1030 3919 1178 3980 Asianeis.
1210 3921 1256 3981 Μ.
1279 3921 1324 3982 Η.
1349 3919 1385 3979 P.
1413 3918 1521 3979 Ohart.
1543 3916 1581 3989 Ι,
1611 3917 1763 3978 001663.
1794 3917 1921 3976 Terram
1947 3917 1972 3974 ir

549 4015 687 4077 Elonaho
714 4015 891 4077 detensium
912 4015 1141 4095 episcoporum,
1166 4037 1249 4077 anno
1271 4019 1364 4090 1670,
1387 4015 1520 4092 scripsit.
1547 4035 1562 4074 u
1586 4015 1667 4076 Otho
1689 4017 1724 4074 11
1744 4015 1777 4074 in
1798 4013 1973 4094 quibusdem

548 4111 674 4190 diplom.
697 4111 798 4173 dietus
820 4111 1000 4173 Oomitiesee
1020 4112 1176 4173 Adoleidie
1195 4132 1231 4174 ex
1247 4113 1368 4174 Othone
1383 4111 1560 4172 marchione
1576 4111 1669 4184 filius,
1686 4111 1864 4190 ingratiam
1879 4109 1973 4170 metris

533 4209 622 4287 epis.
645 4208 770 4287 eligitur
789 4210 844 4272 sub
867 4209 1012 4287 Gregorio
1033 4209 1108 4269 ΙΙΙ.
1130 4209 1283 4272 Ecclesiae
1305 4212 1337 4272 S.
1360 4208 1542 4270 Anostaeiae
1564 4207 1703 4287 (fortusse
1718 4209 1890 4287 Anaeteeii)
1911 4225 1971 4267 eon·

550 4305 685 4368 firmavit
711 4305 890 4368 donationes
916 4327 935 4367 a
955 4307 1234 4386 praedecessoribus
1254 4307 1363 4368 iactae.
1391 4306 1526 4366 Haurico
1547 4306 1600 4366 ΙΙΙ
1622 4305 1694 4385 (IV)
1720 4305 1850 4366 cherum
1875 4303 1974 4364 vixisse

551 4407 620 4464 eote
634 4402 750 4481 Papiae
764 4423 846 4465 anno
861 4405 949 4476 1080,
965 4405 1027 4466 eive
1042 4403 1209 4480 diplomate
1223 4403 1262 4464 ab
1276 4404 1412 4464 Henrico
1425 4402 1598 4475 dimanuta,
1613 4405 1783 4475 testentur,
1798 4401 1974 4476 eundemque

551 4501 703 4570 Othonem
725 4501 807 4562 circa
828 4520 947 4564 annum
969 4505 1044 4562 1003
1066 4502 1190 4571 vixisse,
1212 4504 1371 4562 mortuum
1393 4519 1461 4562 vero
1483 4519 1567 4562 euno
1591 4502 1680 4578 1102)
1703 4523 1731 4560 s.
2025 4487 2026 4506 ¹

715 4789 823 4854 eulx.
861 4827 893 4837 -
926 4786 1102 4859 Adeleie
1131 4792 1173 4857 et
1201 4785 1485 4858 vercellensis
1515 4787 1747 4873 epiecopus.

1104 4971 1195 5030 Anno
1220 5013 1360 5031 .....

553 5185 569 5224 o
598 5151 831 5231 Venerat-ad
852 5149 1122 5229 Monasteriem
1150 5156 1194 5246 (S.
1223 5153 1430 5226 ltlv'clreclis
1458 5153 1653 5243 dictasint)
1673 5157 1710 5226 et
1735 5142 1971 5226 Vercellensis

472 5269 676 5374 episeopus.
695 5329 727 5346 ..
759 5269 1009 5358 simoniacus3
1034 5276 1187 5370 jamque
1224 5265 1428 5370 praesbiter
1456 5265 1556 5346 illios
1584 5293 1694 5370 super
1728 5264 1971 5345 venerendam

472 5389 507 5468 S.
537 5389 732 5470 Michaelis
759 5389 873 5468 altare
902 5388 1035 5466 missas
1063 5399 1212 5466 aeturus
1241 5385 1396 5466 calicem
1415 5397 1600 5489 posuerat,
1628 5413 1714 5464 oum
1739 5392 1847 5492 jesse
1874 5379 1973 5486 patris
