4070 6186
535 349 591 413 1111
619 345 801 428 Quanam
826 345 1107 414 auuurualnta
1507 350 1576 414 123

80 584 210 665 minem
238 584 500 686 permitterent
526 585 653 690 egredi
688 586 751 688 qui
787 587 911 667 italiae
951 588 1179 691 loqueretur.
1218 585 1426 692 Imperator
1451 600 1577 668 autem

79 715 258 806 assumpto
286 703 415 784 habitu
444 703 653 799 servientis,
680 708 787 807 quasi
817 720 857 787 ut
889 707 1048 810 alicujus
1089 707 1214 813 magni
1257 707 1325 788 viri
1366 721 1580 812 procuraret

78 823 285 925 hospitium,
313 852 398 905 oum
427 822 509 904 aliis
537 853 556 900 v
581 825 829 906 servientibus
857 841 968 908 66616
997 854 1167 934 agressus
1193 841 1257 908 661.

150 1073 175 1134 1⁴]
200 1074 206 1086 .
225 977 412 1058 (1611161616
432 979 718 1052 sinemurensis,
742 979 843 1060 Epist.
867 981 908 1043 R.
938 982 976 1044 G.
999 988 1028 1043 et
1048 981 1088 1042 F.
1107 981 1224 1059 dartpt.
1243 981 1330 1046 Tam.
1347 982 1405 1058 IV,
1422 1002 1492 1063 pag.
1509 983 1578 1045 tta.

177 1074 418 1254 dniocliibiiibon
449 1173 548 1236 Blasii
578 1173 614 1234 da
635 1175 769 1252 Laurato
800 1175 897 1256 (apud
921 1176 1109 1251 Muaaronr,
1133 1180 1201 1252 271,
1224 1178 1312 1241 Tam.
1335 1177 1392 1254 VI,
1415 1198 1487 1259 pag.
1509 1180 1579 1254 6711,

146 1269 271 1428 6611111616
286 1270 495 1333 narrationem
516 1269 620 1346 habat,
643 1275 672 1332 61
693 1273 844 1351 quaedam
864 1292 965 1336 rarum
986 1275 1148 1352 adjunota,
1171 1275 1282 1354 quibua
1296 1295 1385 1354 paroa
1400 1277 1582 1339 eradendum

151 1367 181 1428 vi
202 1369 294 1444 atur).

189 1675 406 1744 CCCXXXVI
411 1675 454 1742 11.
483 1715 519 1725 —
549 1671 821 1748 confirmatio
850 1675 1091 1748 donationis
1117 1676 1261 1751 Villae
1287 1679 1464 1771 Regiae.

586 1877 673 1946 1169,
696 1877 733 1934 23
755 1873 927 1936 Februarii.
950 1873 1020 1935 Ind.
1044 1895 1067 1935 1.

147 2055 374 2136 Gnillelmos
401 2071 438 2136 et
454 2057 668 2148 Bonifaoins
689 2056 926 2136 marchiones
945 2057 990 2135 de
1011 2057 1215 2136 Gravesana
1232 2055 1301 2136 hlii
1321 2057 1533 2159 qnondam.
1551 2116 1584 2133 ..

74 2177 302 2256 confirmant
328 2176 569 2256 donationem
599 2203 711 2280 quam
740 2175 930 2256 eomitissa
956 2175 1135 2256 hdalaida
1163 2176 1313 2280 proavia
1342 2181 1433 2272 (6111
1459 2180 1587 2282 lapunt

73 2295 164 2394 avia)
193 2295 275 2376 filia
301 2325 335 2398 q.
364 2295 545 2376 Manhedi
575 2293 804 2376 marchionis
845 2297 884 2374 in
912 2295 1061 2375 civitate
1088 2295 1323 2401 Albinganae
1351 2297 1389 2376 in
1421 2295 1502 2376 loeo
1520 2295 1584 2400 qui

73 2413 210 2494 dieitur
238 2416 345 2495 Corte
379 2414 479 2521 regia
504 2443 603 2494 anno
632 2421 740 2500 1649,
769 2444 803 2492 11
828 2415 862 2494 d.
893 2415 984 2496 Julii
1016 2415 1095 2494 lnd.
1127 2443 1199 2508 rin,
1231 2428 1426 2519 praecepto
1453 2415 1586 2495 Bartae

74 2534 201 2613 matris
231 2561 332 2630 suae,
361 2534 449 2614 feeit
475 2534 654 2614 eeclesiae
681 2535 716 2613 S.
745 2534 925 2637 Stephani
952 2560 1065 2638 prope
1091 2535 1264 2615 Jenuam.

146 2655 279 2733 Testes
300 2653 450 2734 1661661
468 2654 660 2733 Rolandus
680 2655 892 2750 advocatus,
911 2653 1098 2734 hrnaldus
1117 2654 1164 2734 da
1183 2654 1341 2748 Turoha,
1359 2653 1523 2734 Jaaohus
1550 2665 1587 2732 et

71 2771 282 2877 Angelotus
301 2779 381 2874 ejus
402 2773 482 2870 tilii,
509 2774 703 2854 Johannes
721 2774 872 2868 Pareae,
892 2773 1118 2854 Guilielmus
1136 2775 1242 2876 Pipa,
1262 2775 1366 2879 Lugo
1393 2771 1586 2854 Afaitator.

143 2892 284 2970 Aotnm
315 2891 352 2970 in
381 2893 482 2971 ouria
509 2891 638 2972 Jooobi
668 2905 704 2970 et
730 2892 931 2972 Balhanosi
959 2891 1082 2972 fratris
1109 2893 1178 2972 sui.

232 3043 275 3128 (Ε
297 3045 336 3106 R.
361 3044 437 3107 Tab.
461 3045 623 3117 Jannenai,
645 3045 724 3106 adid.
754 3044 1335 3124 1166111616,1666611666111161661
1369 3045 1397 3106 Il
1430 3044 1510 3107 libro
1540 3044 1589 3108 dal

147 3142 267 3204 barone
289 3142 421 3215 Oarotti,
448 3143 587 3205 Umberto
608 3143 835 3204 Btoooomooo.
860 3141 994 3214 Ganova,
1020 3144 1120 3219 1666).

279 3449 508 3518 CCCXXXIX.
538 3488 573 3498 —
601 3449 663 3518 Da
690 3444 875 3534 quadam
902 3445 1145 3519 adulterina
1171 3445 1386 3520 sententia

361 3583 388 3636 a
415 3565 659 3638 marchione
685 3562 1000 3638 Montiatarratt
1027 3565 1307 3653 pronuntiata

181 3689 301 3760 inter
328 3685 524 3758 comitam
552 3683 793 3757 sabaudiae
821 3689 865 3755 at
891 3684 1177 3757 mar-ahionem
1204 3683 1477 3758 Salutiarum.

458 3881 545 3952 1169,
569 3879 794 3952 dnovembris,
816 3878 887 3940 Ind.
909 3879 936 3941 Ι.
960 3880 1000 3940 111
1020 3879 1104 3941 Villa
1125 3879 1217 3942 Noni.

142 4064 279 4156 Quum
301 4061 485 4142 Dominus
505 4060 694 4139 hmadeus
722 4087 849 4140 661666
868 4059 1079 4140 Sabandiae
1098 4086 1143 4138 611
1171 4087 1246 4139 666
1273 4069 1387 4164 parte,
1414 4057 1591 4139 dominus

66 4182 296 4262 1166116666
325 4180 492 4260 Marehio
520 4179 748 4260 Saintiarnm
777 4191 814 4258 61
844 4179 1023 4259 dominus
1051 4177 1168 4259 Cunai
1196 4206 1240 4258 ex
1266 4178 1382 4258 altera
1410 4177 1594 4258 haberant

62 4301 165 4380 inter
193 4327 240 4381 66
269 4299 495 4380 disoordiam
524 4298 570 4378 de
597 4298 679 4378 1666
706 4299 946 4404 Bargioram,
974 4297 1199 4392 Saarnafini,
1228 4297 1386 4393 Busohe,
1415 4296 1591 4377 Breneois

59 4435 97 4498 61
125 4422 176 4500 de
209 4431 291 4500 toto
318 4417 577 4500 Marehionatu
605 4417 854 4507 Salrroiarum,
884 4418 921 4497 in
950 4416 1131 4497 arbitrum
1152 4445 1191 4495 se
1219 4427 1425 4519 posuerunt
1451 4416 1592 4496 amica·

62 4541 198 4621 hilitor
229 4539 270 4620 in
301 4537 498 4618 dominnm
527 4537 784 4617 Marohionem
815 4536 1079 4616 Montisferrati
1107 4537 1312 4616 Dominum
1341 4536 1592 4634 Bonifatium,

58 4660 125 4762 qni
160 4659 256 4739 visis
285 4671 323 4738 61
349 4655 571 4737 examinatis
598 4656 707 4736 diotis
736 4655 997 4758 questionibus
1024 4657 1079 4734 sio
1107 4655 1377 4758 pronuntiavit:

169 4783 314 4860 Comes
343 4775 551 4857 Sabaudiae
579 4777 643 4855 det
670 4775 707 4855 in
737 4775 892 4855 lendum
929 4775 1084 4854 domino
1116 4773 1324 4855 Marohioni
1363 4773 1594 4855 Salutiarum

62 4898 194 4980 166616
233 4896 468 5000 Bargiarum,
497 4894 779 4986 Saarnafixium,
806 4894 965 4974 Busoam
999 4906 1037 4973 et
1069 4893 1311 4992 Rarnesinm3
1350 4891 1440 4972 item
1475 4893 1596 4974 tradat

58 5019 165 5098 dieto
205 5015 368 5098 domino
403 5013 612 5094 Marohioni
641 5013 803 5094 11616666
837 5013 1025 5119 sexaginta
1057 5013 1162 5094 milia
1194 5012 1285 5093 boni
1313 5012 1392 5093 anri
1429 5026 1466 5093 et
1498 5013 1596 5094 bone

59 5137 110 5218 lie
140 5149 184 5216 61
209 5135 308 5238 justi
337 5133 510 5236 ponderis
539 5132 761 5212 Florentiae.
789 5133 904 5213 Versa
935 5133 1014 5214 viee
1040 5133 1226 5214 Dominus
1258 5131 1472 5213 Bonifatius
1500 5132 1598 5213 arbi·

63 5267 189 5337 trator
210 5254 323 5348 dixit,
351 5253 451 5356 quod
480 5252 656 5332 dominns
685 5252 849 5332 hiarohio
878 5251 1112 5333 Saluoiarum
1134 5279 1198 5357 per
1215 5279 1254 5331 66
1277 5266 1419 5333 616666
1438 5251 1597 5334 heredes

62 5389 199 5456 teneat
230 5385 427 5454 61166616
456 5371 594 5452 debeat
620 5383 740 5452 161616
777 5371 1075 5452 bharahionatnm
1104 5370 1339 5452 Salonianum
1368 5371 1407 5451 in
1440 5372 1596 5452 feudum
