4050 6188
521 373 525 380 '
618 355 798 426 FOEDUS'
814 357 1062 426 ASTENSIUM
1525 354 1594 420 195

85 463 135 476 m

85 482 136 492 —

131 738 298 810 DXXXH.
328 777 364 789 -
390 736 598 811 Esuriens
624 741 688 812 111
713 713 789 860 ren
814 737 1001 832 Angites
1029 737 1213 810 rhomes
1242 753 1345 808 oom.
1375 733 1472 806 seb.
1501 732 1543 805 fl.

394 959 397 968 ’
442 937 530 1010 1282,
551 935 595 1019 20,
610 935 641 998 d.
664 937 791 1016 Aprilis.
813 935 907 1016 Apud
927 933 1245 1000 westmonasterium.

159 1117 344 1199 Henricus
370 1117 423 1198 III
450 1145 514 1198 rex
541 1116 699 1224 Angliao
726 1116 846 1198 nobili
873 1116 952 1198 viro
975 1131 1014 1196 et
1031 1115 1152 1196 amico
1172 1115 1211 1196 in
1231 1114 1377 1196 Christo
1394 1111 1596 1196 karissimo

79 1237 211 1318 comiti
251 1237 462 1318 Sabaudiee
501 1237 673 1318 salutem.
713 1237 921 1340 Respondit
961 1235 1096 1318 litteris
1129 1235 1297 1315 Thomas
1324 1232 1472 1315 comitis
1499 1233 1596 1316 circo

72 1362 264 1457 jacturas,
282 1384 374 1460 quas
408 1357 511 1436 filius
548 1364 629 1460 ejus
663 1357 701 1437 in
730 1357 865 1461 Angliu
895 1355 1127 1436 sustinuerat
1152 1381 1263 1459 super
1295 1352 1480 1434 reditibus
1507 1353 1598 1451 suis,

78 1503 219 1580 easque
245 1478 538 1560 emendaturum
566 1505 646 1558 esse
680 1477 878 1581 promittit.
911 1475 1140 1580 Quapropter
1166 1474 1406 1554 serenitatem
1441 1473 1597 1554 Comitis
1658 1515 1659 1518 κ

78 1610 221 1692 exorat,
247 1611 289 1676 ut
315 1596 347 1677 si
375 1624 488 1700 quem
505 1596 816 1702 indignationem
845 1621 932 1701 erga
958 1623 998 1675 se
1030 1595 1089 1674 vel
1123 1621 1283 1700 reguum
1316 1620 1428 1674 suum
1461 1619 1598 1672 eonce-

77 1715 208 1819 pisset,
236 1743 322 1797 eam
348 1717 540 1797 remittere
567 1717 668 1797 velit.
696 1716 805 1796 Teste
831 1742 872 1796 se
900 1713 989 1818 ipso.

127 1859 134 1874 '
241 1871 388 1954 (Rursus,
409 1869 564 1946 Foedera,
587 1871 616 1946 1,
639 1871 723 1952 207).

280 2196 464 2265 Dxxxssl.
495 2233 530 2246 -
560 2190 834 2268 constructio
864 2191 1089 2280 emptionis
1117 2190 1394 2266 flambertum.

796 2376 884 2437 maa.

154 2559 253 2642 Uxor
279 2557 429 2640 comitis
455 2557 633 2650 Thomas,
661 2555 853 2636 Amedeus
885 2555 1155 2659 primogenitus
1192 2566 1230 2635 et
1254 2557 1375 2660 Aymo
1401 2554 1472 2637 filii
1502 2562 1593 2658 epus,

69 2679 307 2759 confirment
332 2677 563 2781 emptionem
591 2674 908 2757 Camberiaceusis
935 2674 1044 2781 burgi
1072 2703 1093 2755 e
1119 2674 1263 2756 Thomu
1292 2677 1428 2756 comite
1456 2674 1592 2755 fuctum

70 2824 143 2900 per
169 2808 402 2878 contractum
431 2794 647 2900 specialem.
672 2794 817 2876 Testes:
851 2798 974 2898 Aymo
1009 2795 1056 2874 de
1091 2793 1375 2892 Chamberiaco‚
1408 2795 1592 2876 Martinus

68 2918 123 2995 de
152 2915 309 3011 Foresti,
337 2915 459 2997 Guido
487 2916 533 2996 de
560 2914 740 3012 Fabricio,
769 2915 923 2994 Amicus
950 2914 1052 3018 prior
1078 2913 1125 2994 de
1152 2915 1343 3019 Voglens.

238 3070 281 3152 (Ε
301 3071 469 3134 meldone
489 3070 685 3150 Piupouiooo
704 3069 737 3130 iu
763 3068 839 3130 Teb.
863 3067 1058 3132 Teurinensi.
1080 3067 1304 3131 Istrumantum
1323 3068 1512 3150 deperditum
1533 3073 1589 3132 est.

156 3168 341 3247 Pingonius,
363 3169 417 3247 qui
437 3168 514 3232 duee
534 3185 644 3230 uxores
666 3167 803 3228 Thomee
824 3165 979 3240 attribuit,
1001 3165 1175 3228 Beatricem
1195 3169 1225 3228 et
1245 3166 1463 3245 Margaritem,
1484 3166 1591 3229 scribit

155 3265 334 3327 Bcctrs‘cem
347 3285 473 3328 uxorem
488 3264 624 3327 Thomna
643 3265 829 3343 emptionem
843 3263 1089 3338 continuanium
1103 3261 1222 3326 videret
1242 3265 1324 3326 enim
1342 3264 1482 3344 sigillum
1495 3263 1589 3345 quod-

155 3361 240 3438 dam,
263 3363 297 3424 in
319 3382 379 3442 quo
401 3362 647 3444 conspiciebatur
667 3362 825 3424 comitisse
844 3380 920 3442 equo
940 3361 1076 3424 insidens
1089 3364 1118 3424 et
1131 3361 1284 3425 fulconem
1298 3363 1331 3423 in
1346 3382 1450 3443 pugno
1464 3361 1589 3437 ducens,

152 3459 237 3523 hisce
267 3460 366 3523 verbis
397 3460 568 3524 clarissime
599 3459 856 3540 circumscriptis:
891 3459 982 3539 sepit.
1010 3460 1167 3522 Bactrius
1198 3461 1373 3524 comitissae
1396 3459 1586 3524 Soboudioe.

152 3557 212 3622 Sed
231 3557 291 3620 hoo
312 3561 379 3621 oret
398 3557 536 3638 sigillum
556 3557 709 3620 Beetriois
730 3557 867 3619 Thomna
888 3555 982 3632 filice,
997 3557 1103 3620 uxoria
1124 3557 1292 3620 Reimondi
1312 3558 1492 3637 Berengurii
1513 3559 1587 3620 Pro·

150 3655 274 3717 vineias
298 3658 328 3717 et
356 3654 569 3737 Foroulquerii
595 3654 727 3718 comitis.
757 3654 917 3719 Alberious
945 3654 1055 3717 urium
1081 3655 1230 3719 Pontium
1256 3656 1376 3736 primus
1403 3655 1439 3718 de
1468 3653 1587 3719 duubus

149 3751 298 3816 uxoribus
319 3751 456 3818 Thomna
475 3751 614 3816 subulam
635 3751 792 3834 protulit).

241 4079 420 4152 DXXXIV.
449 4119 485 4132 --
513 4077 676 4152 rosum
703 4077 961 4166 Astenstum,
987 4076 1309 4151 remmon-run
1335 4083 1415 4151 oto.
1477 4183 1481 4190 ι

580 4262 669 4337 1282,
695 4263 710 4322 1
733 4261 763 4322 d.
785 4262 928 4342 Augusti.
950 4260 1020 4326 Ind.
1043 4281 1077 4324 v.

143 4446 292 4526 Foedus
324 4445 553 4539 detensium,
585 4445 887 4536 'taurinensium
914 4457 952 4525 et
978 4442 1180 4524 homiuum
1214 4442 1494 4534 Montiscalerii
1521 4441 1581 4525 Pi·

56 4564 214 4646 nairolii
241 4577 279 4644 et
313 4563 522 4646 Plossescbi
556 4577 594 4644 et
624 4563 797 4669 Bagnolii
832 4577 871 4644 et
907 4563 1122 4669 Bargioram
1160 4575 1199 4642 et
1231 4562 1496 4643 marchionum
1534 4563 1580 4644 de

54 4685 326 4790 Romugnano,
354 4694 393 4764 et
419 4681 550 4764 Ciriuci
579 4683 693 4783 (selvo
716 4691 801 4786 jure
829 4681 1058 4763 marchionis
1077 4678 1342 4763 Montisierreti
1361 4680 1401 4762 iu
1420 4679 1579 4782 Ciriuoo)
1618 4759 1621 4765 .

53 4815 196 4886 contra
222 4829 355 4884 omnes
382 4801 557 4882 homines
584 4815 622 4882 et
647 4801 827 4898 civitates,
856 4800 960 4883 nullo
988 4800 1144 4881 bomine
1163 4813 1326 4903 excepto,
1343 4801 1416 4881 nisi
1435 4799 1583 4883 solum-

55 4923 182 5004 modo
209 4923 347 5003 comite
373 4921 596 5018 Subaudiue,
626 4922 657 5002 si
684 4921 748 5002 ille
779 4923 913 5002 Comes
939 4921 1100 5002 voluerit
1117 4948 1157 5001 se
1187 4947 1327 5024 ponere
1353 4933 1391 5001 et
1417 4933 1515 5002 stare
1542 4919 1581 5001 iu

53 5044 164 5124 dicto
192 5042 405 5122 communis
424 5038 592 5121 Astensis
612 5041 658 5120 de
677 5039 885 5132 discordiis,
905 5066 1000 5144 quae
1018 5050 1107 5120 suut
1124 5039 1222 5121 inter
1239 5039 1365 5144 ipsum
1389 5040 1581 5136 comitem,

52 5161 276 5260 ecclesium,
305 5174 342 5241 et
367 5162 578 5250 Commune
606 5159 846 5240 ethomines
873 5159 1037 5241 Taurini.

224 5331 266 5416 (Ε
286 5329 363 5394 Tub.
387 5329 472 5395 divis
493 5329 726 5394 Montisoolorii.
753 5329 855 5394 occec
874 5329 1018 5394 Artacie
1041 5329 1080 5391 dc
1100 5327 1297 5408 Matutam,
1313 5329 1483 5412 Appendix,
1498 5330 1576 5395 Doo.

141 5430 237 5504 1113,
257 5428 326 5494 Vol.
348 5427 407 5504 IV,
430 5447 504 5511 pop.
525 5430 590 5511 84).
