4070 6186
479 354 549 418 150
881 350 1078 420 REGESTA
1105 351 1309 420 GOMITUM
1337 352 1583 420 sablonosa

920 718 1016 786 obv.
1043 754 1094 770 -
1119 716 1275 789 nomm
1300 713 1553 788 Ynimontis.

1054 913 1145 986 1200,
1167 915 1205 975 10
1226 909 1415 974 Decembris.

550 1095 713 1176 Thomas
744 1121 869 1176 comes
901 1093 1204 1176 Mauriennensis
1240 1109 1278 1176 et
1308 1095 1347 1176 in
1376 1093 1499 1174 Ytalia
1531 1095 1701 1174 marchio
1736 1103 1869 1174 notum
1899 1093 1958 1178 iecit
2013 1151 2014 1186 ,

475 1215 726 1296 Vuillermum
762 1213 938 1294 abbatem
977 1214 1277 1306 Cluniacensem,
1306 1242 1393 1296 cum
1429 1214 1565 1296 domus
1596 1213 1817 1294 Ynimontis
1851 1213 1891 1292 ad
1915 1214 1959 1292 Ec·

282 1370 283 1379 Ν
416 1346 420 1357 .
476 1334 630 1416 clesiam
663 1347 833 1437 spectans
868 1333 1168 1428 Cluniacensem‚
1204 1346 1242 1414 et
1275 1332 1450 1415 homines
1484 1333 1581 1413 infra
1608 1333 1792 1413 terminos
1821 1333 1959 1433 ejusden

477 1453 690 1535 habitantes
708 1454 895 1534 malorum
923 1452 1132 1534 vicinorum
1153 1452 1457 1558 oppressionibus
1476 1465 1515 1532 et
1539 1452 1722 1558 angustiis
1749 1453 1961 1538 vehementer

475 1573 732 1680 affligerentur
771 1572 937 1674 ipsorum
976 1572 1202 1653 desolationi
1243 1573 1532 1678 compatientes,
1570 1571 1638 1674 ipsi
1682 1569 1812 1652 comiti
1855 1571 1959 1656 dictan

476 1695 632 1774 domum
660 1718 745 1772 cum
775 1692 996 1772 hominibus
1024 1691 1103 1772 suis
1138 1691 1232 1772 infra
1269 1690 1452 1772 terminos
1478 1691 1698 1771 Ynimontis
1732 1689 1961 1776 habitantibus

477 1812 819 1906 commendavisse,
848 1825 889 1890 ut
915 1811 987 1891 sub
1015 1819 1096 1913 ejus
1123 1811 1343 1892 defensione
1370 1824 1408 1891 et
1434 1809 1594 1890 tuitione
1622 1824 1770 1912 optatae
1807 1809 1899 1914 pacis
1921 1837 1962 1889 so·

477 1932 611 2012 latium
642 1930 866 2011 invenirent.

553 2051 784 2154 Quapropter
810 2077 935 2129 comes
964 2049 1057 2129 haec
1083 2049 1271 2152 promisit:
1301 2049 1504 2150 cujuslibet
1530 2048 1692 2129 familiae
1721 2045 1963 2150 dominus‚qui

477 2199 563 2251 cum
601 2169 696 2250 hove
732 2169 791 2249 vel
829 2167 952 2249 bobus
985 2168 1230 2264 laboraverit,
1264 2167 1464 2249 duodecim
1499 2180 1645 2249 tantum
1681 2167 1858 2254 denarios
1888 2168 1962 2247 vien·

477 2291 604 2371 nensis
630 2301 806 2369 monetae
832 2287 991 2395 singulis
1017 2287 1127 2368 annis
1155 2287 1227 2368 sibi
1256 2303 1293 2368 et
1319 2287 1396 2369 suis
1423 2288 1610 2392 persolvet
1635 2287 1924 2380 successoribu53
1943 2285 1964 2363 si

476 2438 563 2491 vero
590 2407 673 2489 sine
705 2407 801 2489 hove
827 2407 888 2488 vel
920 2406 1041 2488 bobus
1076 2406 1318 2506 laboraverit,
1347 2436 1411 2488 sex
1438 2406 1612 2488 denarios
1639 2417 1678 2487 et
1705 2434 1781 2492 non
1811 2406 1965 2512 amplius

475 2557 589 2636 quem
622 2555 777 2609 censum
814 2527 912 2630 prior
945 2527 992 2607 de
1023 2528 1239 2608 Ynemonte
1271 2529 1310 2607 in
1345 2527 1504 2608 solemn.
1532 2528 1569 2607 S.
1598 2525 1750 2607 Martini
1776 2526 1919 2633 colliget
1939 2539 1964 2604 et

476 2649 661 2755 persolvet
687 2647 821 2727 nuntio
849 2645 1005 2730 Comitis
1032 2646 1078 2727 ad
1106 2647 1178 2727 hoc
1204 2645 1332 2728 misso.

553 2771 646 2850 Cum
676 2780 802 2847 autam
824 2769 958 2847 Comes
990 2764 1135 2846 venerit
1168 2765 1267 2870 apud
1288 2767 1541 2847 Ynemontem
1571 2792 1636 2870 pro
1664 2765 1825 2872 negotiis
1845 2767 1966 2858 domus,

476 2917 540 2970 seu
571 2885 738 2992 propriis,
754 2886 814 2965 vel
841 2885 1009 2966 officialis
1036 2891 1117 2986 ejus
1144 2886 1192 2966 ad
1219 2885 1292 2965 hoc
1317 2883 1531 2988 specialiter
1557 2884 1707 2979 missus,
1726 2886 1879 2990 pignore
1903 2885 1967 2965 dato

479 3008 534 3088 vel
569 3007 703 3088 idonea
735 3005 920 3100 cautione,
948 3006 1184 3086 credenciam
1220 3004 1258 3084 in
1294 3005 1518 3084 victualibus
1546 3033 1612 3108 per
1636 3004 1885 3112 qnadraginta
1910 3003 1969 3082 dies

478 3125 644 3216 habebit,
673 3137 710 3206 at
737 3123 952 3228 sumptibus
986 3125 1064 3204 suis
1101 3123 1281 3220 manebit,
1310 3124 1363 3204 nil
1397 3125 1443 3204 de
1479 3123 1590 3204 bonis
1621 3123 1875 3204 habitantium
1909 3123 1968 3202 sine

477 3246 594 3351 pretio
622 3245 739 3334 tollet,
760 3255 904 3348 praeter
930 3243 1075 3346 paleam
1103 3256 1140 3322 et
1166 3242 1338 3342 faenum;
1365 3242 1514 3323 nullum
1544 3243 1742 3328 hominem
1766 3241 1969 3326 Ynemontis

476 3365 558 3446 sine
586 3365 776 3444 voluntate
803 3361 936 3465 prioris
962 3361 1141 3443 retinebit
1168 3363 1214 3440 ad
1244 3363 1477 3442 manendum
1508 3375 1578 3446 otc.

552 3482 652 3564 infra
678 3481 860 3562 terminos
887 3480 1114 3561 Ynemontis
1143 3480 1291 3560 nullum
1319 3481 1421 3561 aliud
1456 3495 1620 3564 castrum
1648 3481 1707 3560 vel
1742 3481 1969 3562 munitionen

476 3602 557 3685 sine
584 3629 740 3681 assensu
767 3612 805 3679 et
830 3599 1021 3679 voluntate
1050 3599 1309 3680 Cluniacensis
1336 3599 1524 3682 Ecclesiae
1556 3597 1827 3680 aedificabitur.
1860 3601 1971 3680 Comes

477 3721 622 3803 nullam
651 3719 792 3828 talliam
820 3719 859 3798 in
887 3721 1009 3799 Domo
1037 3719 1096 3799 vel
1123 3717 1345 3799 hominibus
1371 3717 1598 3804 Ynemontis
1627 3718 1737 3800 faciet
1756 3719 1813 3799 vel
1836 3714 1971 3799 exactio·

477 3869 584 3935 nem3
612 3850 650 3919 et
669 3839 700 3918 si
718 3839 802 3941 quis
821 3837 1021 3918 hominum
1041 3837 1093 3917 ibi
1112 3838 1316 3918 decesserit
1334 3839 1546 3927 intestatus.
1566 3839 1612 3918 de
1632 3837 1744 3920 bonis
1763 3838 1878 3942 ipsius
1897 3832 1971 3916 nihil

437 3947 441 3956 “
476 3973 652 4041 assumet.
672 3959 752 4037 Hoc
778 3970 904 4040 autem
930 3964 992 4058 jus
1019 3957 1059 4037 in
1079 3957 1178 4036 dicta
1196 3958 1310 4038 domo
1329 3972 1367 4038 et
1386 3957 1605 4038 hominibus
1625 3985 1822 4062 nunquam
1842 3985 1864 4036 a
1882 3977 1972 4036 mano

477 4078 633 4161 Comitis
659 4091 698 4157 et
724 4075 826 4156 illius
855 4075 919 4179 qui
947 4077 1168 4156 comitatum
1197 4076 1381 4172 hahuerit,
1399 4075 1526 4179 aliquo
1552 4077 1665 4158 modo
1687 4076 1804 4182 possit
1828 4071 1970 4156 alienari·

551 4198 657 4280 Prior
690 4224 778 4276 vero
813 4195 1038 4275 Ynemontis
1074 4195 1279 4292 institutae,
1308 4194 1403 4276 inlra
1439 4197 1608 4276 triduum
1645 4225 1691 4276 ex
1727 4225 1800 4300 quo
1836 4197 1971 4276 domun

478 4318 680 4407 intraverit,
706 4316 872 4395 Thomae
900 4315 1039 4403 comiti,
1057 4315 1089 4395 si
1107 4317 1204 4395 circa
1232 4316 1431 4396 Rodanum
1459 4313 1582 4411 fuerit,
1611 4315 1670 4396 vel
1705 4313 1911 4398 Castellano
1939 4311 1971 4388 ds

478 4437 678 4520 Rossillion
707 4435 899 4538 promittet
925 4461 964 4512 se
993 4435 1059 4514 has
1083 4435 1275 4538 pactiones
1296 4446 1532 4515 servaturum
1539 4464 1551 4532 3
1572 4434 1751 4516 homines
1768 4429 1970 4515 Ynemontis

476 4557 698 4638 fidelitatem
727 4556 761 4634 ei
784 4553 978 4656 jurabunt,
1006 4553 1108 4634 salva
1135 4553 1317 4634 fidelitate
1345 4553 1602 4635 Cluniacensis
1636 4553 1846 4649 Ecclesiae,
1880 4565 1970 4652 atquc

477 4705 563 4757 eum
593 4691 669 4756 tam
699 4703 764 4777 pro
791 4671 868 4753 suis
903 4673 1074 4778 negotiis,
1103 4703 1214 4777 quam
1245 4701 1308 4777 pro
1346 4673 1504 4780 negotiis
1538 4674 1682 4754 Bomos
1710 4674 1910 4756 detondere
1924 4682 1968 4747 tc-

479 4809 638 4877 ncantur
664 4807 702 4874 at
723 4801 853 4895 Juvare
880 4805 949 4872 etc.

552 4917 716 4996 Thomas
751 4940 878 4993 comes
911 4912 979 4992 has
1016 4913 1283 4994 conventiones
1313 4919 1530 5015 juramento
1564 4913 1715 5016 proprio
1743 4927 1780 4994 et
1804 4913 1969 4992 baronum

475 5063 642 5130 suorum,
670 5031 938 5136 archiepiscopi
965 5031 1302 5130 Tharantasiansis,
1330 5031 1676 5138 Gratianopolitani‚
1703 5029 1919 5116 Bollioensis
1943 5042 1968 5102 et

477 5152 776 5236 Mauriennensis
804 5152 1062 5255 opiscoporum
1090 5151 1223 5257 sigillis
1249 5151 1458 5234 confirmat.

636 5307 678 5388 (E
708 5307 748 5368 R.
779 5305 857 5368 Tab.
887 5304 1083 5379 Taurincnei,
1116 5305 1264 5368 cartorio
1291 5307 1361 5381 222,
1392 5306 1448 5368 iol.
1476 5308 1546 5369 861.
1575 5305 1787 5387 Treneoripoit
1809 5303 1968 5368 Percurre

558 5407 761 5484 Sacrouiro).
