4050 6188
466 357 539 422 240
871 360 1065 427 REGESTA
1094 363 1295 430 COlllTUM
1325 365 1568 433 SABAUDIAE

466 487 566 495 ——--
608 489 1098 498 -—.—-----—-————-

766 741 985 808 ncnxxxss.
1015 759 1048 791 a
1079 739 1323 831 Mergus-itu
1350 741 1400 814 de
1428 745 1672 832 Dumpetru.

563 941 650 1012 1242,
672 938 747 1000 ferie
769 957 803 998 ιν
826 943 896 1018 post
916 939 1028 1000 festum
1049 938 1191 1000 omnium
1212 939 1408 1002 Senatorum.
1433 940 1552 1002 Delum
1572 941 1654 1020 apud
1676 942 1862 1015 Quereetum

523 1118 761 1226 'Margarilha
797 1121 952 1200 domino
993 1120 1039 1199 de
1075 1121 1276 1224 Dampetre
1303 1122 1508 1201 Summum
1536 1121 1763 1203 Pontificem
1794 1137 1907 1228 roget,
1930 1141 1961 1203 nl

466 1243 708 1322 donationem
737 1248 833 1320 6000
862 1239 1040 1320 librarum
1071 1241 1325 1320 aslisiensium
1355 1241 1555 1320 confirmet
1575 1243 1744 1322 Thomas
1762 1244 1827 1340 (06
1846 1245 1951 1324 Saluo

467 1362 542 1462 dia)
570 1360 696 1442 oomili
726 1359 920 1440 Flendriae
948 1371 986 1438 el
1013 1362 1129 1462 Hayn.
1159 1389 1179 1438 6
1205 1361 1379 1440 lohanna
1408 1361 1606 1441 Flendriee
1634 1375 1671 1441 et
1707 1363 1830 1464 Heyn.
1865 1364 1964 1442 eomi-

467 1481 554 1560 0336
582 1487 662 1580 ejus
691 1506 803 1558 uxore
831 1479 977 1573 laetam,
1006 1492 1044 1557 et
1070 1507 1090 1554 a
1118 1491 1303 1558 seratam
1332 1478 1513 1559 habitam.

624 1631 666 1732 (lh
688 1631 726 1691 R.
751 1631 828 1693 st.
851 1631 1047 1693 Teurinsnsi.
1069 1634 1190 1694 Inserta
1211 1638 1255 1693 eet
1275 1633 1308 1694 in
1331 1632 1424 1695 Bulla
1446 1634 1623 1696 Innocentii
1645 1635 1704 1708 lv,
1720 1638 1739 1695 0
1755 1635 1786 1696 0.
1802 1635 1877 1697 Dee.
1894 1639 1963 1694 4243.

545 1732 581 1792 de
602 1749 662 1807 que
682 1730 751 1791 vide
771 1729 811 1791 ed
831 1729 937 1808 diem).

747 2036 984 2105 DOLXXXIII.
1017 2076 1050 2085 -
1078 2036 1384 2107 nonasterium
1412 2036 1462 2108 de
1495 2037 1688 2109 clteeux.

1003 2232 1091 2304 1242,
1114 2250 1216 2294 mense
1239 2232 1416 2294 Novembri.

541 2413 705 2492 Thomas
734 2415 780 2492 06
808 2414 996 2493 Sabandia
1023 2440 1149 2493 eomes
1176 2415 1375 2494 Flandriee
1403 2427 1441 2494 et
1466 2415 1643 2495 lohanne
1678 2415 1872 2495 comitisse
1899 2443 1964 2494 mo-

464 2533 626 2613 nasterio
651 2565 668 2605 6
688 2533 734 2611 06
754 2533 908 2614 Citeeur
931 2566 948 2606 6
972 2561 1035 2612 sex
1063 2533 1177 2612 lihres
1206 2561 1351 2614 annues
1381 2536 1541 2628 donent,
1568 2562 1678 2636 supra
1711 2531 1857 2614 reditus
1891 2535 1967 2612 «06

470 2653 654 2755 Quesnoy.
682 2683 698 2722 6

627 2805 889 2882 (Burmannus,
913 2806 987 2866 Lus.
1010 2805 1064 2866 sit.
1088 2823 1159 2882 pag.
1183 2807 1249 2881 25.)

658 3149 888 3219 DCLXXXIV.
919 3188 954 3199 -
983 3148 1043 3218 De
1071 3147 1342 3218 matrimonio
1370 3146 1584 3218 Beata-ieie
1612 3146 1662 3218 de
1691 3147 1788 3220 Sub.

1031 3346 1119 3418 1242,
1143 3349 1161 3406 6
1182 3346 1211 3408 d.
1236 3343 1426 3410 Decembris.

548 3530 679 3608 Petrus
706 3527 752 3604 de
780 3527 965 3607 Saheudia
993 3529 1193 3607 confirmat
1219 3539 1390 3629 paulum,
1419 3554 1493 3629 quo
1520 3529 1640 3628 Aymo
1669 3524 1847 3606 dominus
1875 3525 1967 3605 Fusi-

472 3649 566 3729 niaoi
598 3647 818 3750 promiserat
843 3645 1051 3725 Bealrioem
1081 3647 1200 3726 hlium
1230 3648 1344 3750 ipsius
1374 3647 1470 3725 Petri
1491 3673 1578 3725 oiim
1600 3647 1772 3750 Guigone
1799 3645 1967 3748 Delphini·
2022 3703 2023 3745 ,

471 3766 675 3848 Viennensi
703 3781 740 3846 et
768 3765 984 3858 Albonensi,
1011 3777 1121 3870 alque
1149 3766 1212 3844 (lat
1239 3765 1478 3866 fidejussores
1507 3765 1638 3844 fratres
1666 3792 1754 3844 suos
1773 3765 1965 3844 Amedenn

471 3888 648 3968 oomilem
686 3887 913 3983 Salieudiae,
941 3888 1126 3966 Thomem
1159 3885 1335 3964 comitem
1373 3881 1968 3979 01660066,066060666000-

472 4037 622 4088 oensem
651 4023 688 4087 et
716 4007 930 4110 Philippum
961 4005 1205 4084 Valentinum
1236 4005 1394 4084 Eleotos.
1661 4065 1665 4073 .
2021 4027 2022 4077 l

629 4159 668 4237 (E
692 4159 729 4216 R.
753 4157 830 4218 Tol).
854 4158 1048 4232 Taurinensi,
1075 4158 1215 4219 alonim.
1242 4157 1345 4218 Prius.
1369 4157 1402 4217 oe·
1425 4155 1552 4229 Sooos'o,
1577 4109 1752 4234 263611).

735 4503 950 4569 DCLXXXV,
982 4543 1024 4551 --
1054 4481 1262 4590 Guigoiris
1287 4457 1488 4586 Delphini
1515 4501 1732 4586 promisse.

878 4697 966 4769 1242,
989 4696 1007 4755 7
1029 4695 1058 4755 0.
1084 4694 1269 4756 Deoembrie.
1294 4695 1383 4773 Apud
1405 4694 1581 4789 Buxsriem.
2019 4681 2020 4745 l

548 4881 669 4985 Guigo
696 4877 907 4982 Delphinus
935 4902 1061 4956 eomas
1090 4876 1319 4956 Viennensis
1350 4891 1388 4954 el
1423 4875 1652 4956 Albonensis
1687 4875 1843 4956 mandet
1869 4875 1960 4954 0066

473 4999 689 5095 alamanni,
713 5010 753 5079 nt
781 4997 891 5078 l'aoial
914 4997 1135 5076 fidelitatem
1174 4997 1337 5100 homagii
1375 4997 1454 5102 ligii
1492 4998 1601 5076 Petro
1629 4996 1676 5076 06
1705 4994 1888 5077 Sahaudie
1920 5013 1968 5094 pn
2018 5033 2019 5077 l

472 5119 603 5200 nastris
631 5121 677 5198 de
705 5117 888 5199 Boissiere
916 5132 954 5195 el
982 5116 1027 5194 06
1056 5116 1216 5208 Aialon,
1245 5143 1362 5219 usqne
1391 5116 1436 5194 60
1472 5115 1838 5196 consummationem
1863 5109 1969 5188 meln-

355 5275 361 5288 ·
474 5239 591 5318 monii
619 5239 677 5320 sui
705 5267 792 5319 cum
820 5237 987 5317 Beetrioe
1017 5235 1095 5316 filis
1123 5234 1300 5338 praedioli
1329 5233 1442 5314 Petri.

632 5393 674 5473 (E
698 5393 735 5451 R.
759 5391 836 5453 [Feb.
861 5389 1056 5452 Teurinensi.
1084 5390 1201 5450 [ansul.
1227 5389 1302 5450 sal.
1327 5388 1418 5448 Fsso.
1441 5389 1468 5462 Ι,
1492 5409 1524 5449 6.
1547 5389 1612 5466 80).
