4050 6188
430 317 500 382 208
835 321 1031 390 Ruedsua
1060 323 1264 394 GOMITUM
1292 327 1537 396 SABAUDIAE

1789 461 1930 471 -—

502 581 650 662 Testes:
679 583 912 666 Humbertus
940 587 987 666 dc
1014 586 1200 690 Seysellis,
1220 588 1351 670 Petrus
1371 588 1549 672 Silvestro
1568 593 1615 673 de
1634 595 1930 686 Montemeliano,

429 701 559 779 Petrus
587 701 610 779 f.
637 700 801 783 Arduoio
828 703 875 783 de
903 704 1067 786 l’Arohet
1093 706 1132 787 in
1159 709 1336 813 Angusta.

503 819 739 902 Willialmns
768 823 934 905 notarius
961 825 1116 929 scripsit.

586 973 627 1054 (E
650 974 726 1037 Τὼ.
749 975 835 1038 Eool.
858 976 1001 1040 dillonis.
1026 978 1235 1054 Gurcnrcuou,
1259 981 1347 1043 Hor.
1374 983 1448 1046 633.
1473 983 1620 1058 baccea,
1643 1005 1673 1065 p.
1698 987 1763 1064 67).

606 1337 752 1404 DLXVI.
783 1377 817 1387 -
844 1336 1057 1408 Amadoco
1083 1339 1156 1410 1v.
1183 1338 1325 1411 Marto
1352 1341 1402 1412 de
1431 1343 1560 1417 03313
1587 1344 1764 1434 Majore.

1019 1536 1108 1625 3333,
1133 1536 1220 1597 193.
1244 1536 1333 1598 Maii.

477 1711 666 1791 Amedcus
694 1739 820 1792 comes
847 1712 1069 1809 sabaudiae,
1097 1713 1137 1795 in
1164 1716 1270 1796 ltalia
1297 1717 1467 1798 marchio
1486 1720 1619 1822 recipit
1640 1721 1679 1800 iu
1697 1722 1934 1829 salvaguarda

429 1843 467 1910 3(
492 1831 659 1910 custodia
686 1831 842 1911 Mariam
872 1831 919 1911 de
942 1833 1053 1913 Curia
1080 1836 1213 1936 Majori
1233 1843 1369 1938 atejus
1387 1836 1487 1916 filios
1505 1866 1591 1918 cum
1611 1841 1792 1920 omnihus
1811 1869 1933 1921 eorum

427 1951 560 2041 robae,
590 1950 819 2054 mandatque
851 1950 1015 2033 Marconi
1053 1954 1100 2034 de
1132 1955 1266 2044 Bardo,
1303 1970 1343 2035 nt
1376 1955 1572 2038 dominam
1599 1959 1753 2040 Mariam
1788 1975 1829 2038 3(
1866 1971 1934 2064 ejus

430 2070 527 2151 lilios
555 2071 741 2151 defendat.

585 2227 627 2308 (E
649 2227 724 2289 Tab.
757 2228 867 2291 (lurica
893 2230 1021 2307 Majoris
1048 2232 1330 2312 (Gourmoyaur)
1322 2253 1355 2294 rn
1386 2233 1467 2294 valle
1497 2234 1693 2313 Augustiana.
1727 2235 1932 2316 Transcripsit

505 2323 543 2384 P.
566 2327 731 2389 Garamans
752 2326 973 2406 Drzuzrrron).

916 2675 1078 2742 DLXVII.
1109 2713 1144 2722 -
1172 2673 1327 2742 Domo·
1353 2671 1444 2742 Del.

1015 2869 1102 2942 1286,
1126 2870 1163 2927 25
1184 2868 1214 2928 d.
1238 2867 1338 2929 Junii.

503 3048 697 3129 Sententia
736 3047 921 3129 arbitralis
961 3049 1142 3129 abbatum
1183 3050 1439 3154 Agaunensis‚
1471 3050 1518 3129 de
1554 3051 1778 3131 Altaoumha
1818 3067 1858 3132 et
1893 3053 1933 3131 de

425 3166 584 3270 Alpibus
611 3196 722 3272 super
749 3169 974 3249 discordiam
1003 3181 1169 3249 exortam
1205 3171 1243 3249 in
1247 3181 1303 3249 ter
1337 3173 1550 3272 Aymonem
1586 3170 1826 3277 Agaunensis
1860 3201 1934 3275 pro-
2003 3187 2004 3230 ⁷

428 3287 569 3368 vinciae
596 3287 792 3368 dominnm
823 3301 860 3368 3(
885 3289 1062 3368 abbatem
1092 3290 1138 3368 de
1166 3289 1374 3384 Altacrista‚
1396 3289 1701 3370 rationeDomus
1727 3290 1795 3371 Dei
1825 3309 1864 3370 et
1881 3293 1935 3371 (13·

424 3407 553 3510 pellae
580 3408 626 3487 ab
661 3409 833 3510 Aymone
873 3408 1135 3503 fundatarum,
1172 3409 1233 3488 cui
1267 3408 1480 3488 fundationi
1515 3409 1789 3489 contradixerat
1825 3409 1934 3490 abbas

425 3527 489 3605 ΑΙ(
474 3528 679 3616 (3333333,
695 3557 716 3605 3
721 3528 897 3629 tjuribus
917 3527 1094 3607 acclesiae
1114 3555 1202 3606 3333
1221 3527 1461 3607 Villaenovoa
1481 3527 1677 3613 obnoxiae,
1697 3528 1933 3608 Constituun-

425 3658 484 3724 (333
506 3653 589 3746 jura
618 3647 945 3749 utriusquepartis
973 3645 1211 3753 litigantium.
1240 3648 1431 3726 Amadeus
1459 3674 1584 3727 comes
1612 3645 1824 3728 Sabaudiae
1852 3675 1933 3727 sen·
2003 3729 2004 3748 Ν

423 3766 577 3846 tentiam
607 3795 644 3845 33
650 3780 724 3845 (333
754 3765 869 3844 habet
854 3777 937 3860 (,3(
957 3795 1029 3845 333
1049 3793 1135 3845 cnm
1164 3765 1337 3869 episcopo
1365 3767 1624 3847 Lausanncnsi
1643 3765 1813 3847 chartam
1844 3767 1935 3846 arbi·

424 3883 484 3962 trii
513 3884 635 3989 sigillo
662 3913 731 3964 suo
754 3831 915 3965 rohordt.
2003 3891 2004 3898 ’

581 4036 623 4120 (3
645 4036 722 4098 333.
747 4038 779 4101 3.
804 4037 946 4100 usuum
967 4039 1091 4116 Agaun.
1116 4037 1200 4098 333.
1223 4037 1309 4099 Hor.
1335 4038 1423 4100 ran.
1447 4037 1554 4101 3333.
1577 4037 1605 4110 1,
1629 4038 1690 4101 333.
1714 4039 1819 4117 naa).
2003 3969 2004 4078 l

2003 4223 2004 4286 l

603 4383 785 4450 DLXVIH.
815 4421 850 4430 —
879 4379 1086 4449 Eenrioru
1113 4379 1176 4448 111
1201 4395 1276 4448 rex
1301 4375 1488 4468 Anglioo
1514 4374 1761 4448 Alienorum

983 4530 1028 4598 in
1054 4548 1224 4602 uxorem
1251 4527 1380 4600 ducit.

1143 4728 1229 4787 1236.

499 4911 684 4991 Henrious
710 4909 761 4989 Ill
789 4936 853 4986 rex
882 4907 1037 5011 Angliae
1074 4938 1091 4978 3
1122 4905 1299 4986 solennes
1341 4904 1499 4984 nuncios
1533 4905 1631 4984 viros
1667 4905 1874 5006 prudentes
1900 4903 1934 4982 io

424 5029 660 5111 Provinciam
688 5028 734 5108 ad
762 5026 1017 5106 Reimnndum
1047 5026 1223 5105 comitem
1253 5023 1423 5125 ejusdem
1451 5023 1681 5118 Provinciae,
1707 5049 1793 5103 oum
1819 5021 1934 5103 literis

378 5240 379 5243 p
424 5148 676 5254 praecordiale
692 5145 893 5226 consilium
913 5171 1024 5223 suum
1044 5143 1338 5238 continentibus
1354 5143 1400 5222 dc
1420 5141 1662 5222 matrimonio
1680 5141 1933 5223 contrahendo

426 5297 511 5348 cum
540 5268 618 5348 filia
646 5295 712 5346 333
739 5263 927 5356 dlicuom,
960 5261 1052 5341 dest
1027 5262 1168 5342 trnavit.
1145 5265 1286 5342 tErat
1321 5289 1367 5341 an
1372 5275 1447 5340 tem
1481 5261 1691 5365 praedictus
1721 5263 1853 5343 Comes
1884 5259 1934 5338 vir

427 5385 681 5468 illustrisat
632 5397 711 5466 tm
739 5383 852 5463 armis
880 5394 1105 5462 strenuus.
1123 5383 1323 5462 .tl]uxera
1308 5393 1396 5461 au
1399 5393 1476 5462 em
1505 5382 1607 5463 rdem
1626 5382 1795 5463 Comes
1787 5409 1823 5460 rn
1847 5404 1932 5459 uxo
