4050 6188
513 370 770 439 maneamne
797 372 853 438 DII
883 371 1102 440 sassannla
1496 372 1564 436 169

479 823 600 890 ODLV.
629 862 665 874 -
692 821 900 894 Auhautuu
927 821 979 893 do
1007 825 1148 894 Turro.

387 1015 492 1109 x1218,
525 1036 565 1096 80
596 1034 753 1098 Ianuarii.
784 1036 825 1099 In
856 1041 957 1101 ouatto
988 1038 1222 1120 symphoriani.

128 1237 290 1317 Thomas
317 1263 443 1316 eomes
470 1235 772 1318 Mauriennensis
798 1248 836 1316 et
862 1235 901 1316 in
920 1237 1026 1318 Italia
1047 1238 1224 1334 marchio,
1240 1268 1320 1328 ,una
1339 1269 1425 1321 oum
1453 1270 1566 1322 uxore

62 1369 94 1438 at
119 1356 204 1437 filiis
231 1355 320 1446 suia,
356 1355 539 1458 promittit
572 1355 731 1436 Arberto
769 1355 924 1437 domino
960 1357 1007 1438 de
1040 1359 1155 1438 Turre
1189 1362 1288 1462 qnod
1317 1389 1392 1442 non
1424 1375 1568 1442 oresoat

62 1476 265 1557 dominium
293 1502 405 1556 suum
433 1502 545 1579 super
572 1475 784 1557 dominium
820 1477 909 1558 dieti
937 1478 1096 1573 Arberti‚
1125 1506 1195 1559 neo
1222 1480 1261 1559 in
1287 1479 1413 1584 aliquo
1435 1494 1567 1568 eastre,

62 1596 120 1676 uhi
146 1595 211 1676 ille
234 1603 297 1698 jus
324 1587 476 1698 aliquod
504 1593 651 1677 habeat.
679 1596 760 1676 Hoo
787 1595 889 1678 ide'm
921 1603 1051 1700 jurant
1084 1597 1154 1680 filii
1191 1605 1272 1701 ejus
1306 1600 1496 1681 Amedeus
1532 1614 1569 1682 et

63 1715 298 1795 Humbertus.

129 1835 172 1913 ln
209 1835 418 1939 praesentia
451 1834 530 1914 Wi.
558 1835 605 1916 de
639 1836 892 1924 (flammante,
928 1838 971 1918 N.
1008 1837 1055 1918 de
1090 1838 1265 1941 haynau,
1294 1838 1484 1921 isindonis
1521 1840 1568 1920 da

60 1953 241 2049 BoesezeL
268 1953 413 2035 Nioolai
441 1953 572 2058 prioris
599 1954 864 2058 Aquaehellae,
894 1966 931 2035 et
956 1955 1111 2036 Joffredi
1140 1957 1315 2038 Liatardi.

211 2142 255 2224 (E
277 2142 354 2205 Tab.
378 2143 465 2204 (Iam.
491 2141 599 2223 Oomp.
623 2142 771 2222 Delphin.
795 2145 1003 2216 Guronuuou,
1026 2145 1115 2207 Hiat.
1137 2147 1212 2208 Gen.
1230 2145 1378 2222 Pronoea,
1395 2166 1466 2227 pag.
1482 2149 1566 2226 665).

360 2552 501 2620 ennvl.
539 2589 574 2602 -
608 2549 908 2645 Privilegia
943 2552 1258 2644 Augu-tans.

481 2765 554 2829 Siue
574 2783 657 2827 anuo
677 2767 708 2826 ot
728 2765 808 2827 looo.
833 2765 931 2827 1206?
951 2765 1142 2844 augustaei.

124 2965 293 3047 Thomas
320 2991 447 3046 eomes
475 2975 514 3044 et
540 2962 709 3044 marchio
737 2964 776 3044 in
804 2963 924 3054 ltalia,
943 2962 1100 3044 oonsilio
1122 2964 1308 3046 baronum
1328 2989 1497 3062 suornm,
1520 2968 1569 3049 ad

56 3085 276 3186 petitionem
304 3084 472 3165 militnm
499 3095 537 3164 et
563 3082 723 3164 aliorum
753 3081 957 3186 proborum
985 3082 1163 3183 virorum,
1190 3084 1255 3188 qui
1282 3113 1323 3165 ee
1346 3085 1568 3167 hominibus

56 3205 200 3285 comitis
229 3203 375 3285 civibus
392 3201 694 3308 augustensibus
713 3202 961 3296 sociaverunt,
981 3201 1117 3306 seripto
1136 3204 1182 3284 de
1209 3202 1381 3296 libertate
1409 3204 1568 3288 civitatis
1700 3269 1705 3286 .

56 3322 302 3429 Augustensis
330 3322 402 3404 alia
429 3321 612 3427 quaedam
639 3319 833 3426 privilegia
860 3319 999 3422 adjicit.

211 3512 255 3594 (Ε
277 3510 356 3574 Tab.
378 3511 453 3590 epia.
475 3510 675 3588 Augustonui.
697 3509 725 3570 I.
747 3510 785 3571 Δ.
808 3509 890 3582 Duo,
922 3509 1101 3572 Cartoluire
1121 3511 1159 3572 de
1180 3498 1321 3574 revere
1341 3512 1487 3588 d'Aoato,
1516 3533 1570 3594 pa-

125 3611 204 3690 giua
227 3609 298 3682 288,
320 3608 354 3670 in
375 3607 634 3670 marathonam
656 3607 762 3670 storto
782 3605 936 3683 Italiam,
957 3607 1028 3671 Vol.
1052 3607 1166 3670 XXIII
1187 3607 1226 3673 V.
1250 3609 1289 3671 ad
1310 3629 1362 3673 an.
1387 3611 1488 3690 1196).

203 4025 366 4094 GDLVII.
396 4061 432 4073 —
459 4019 777 4093 Matrimonium
804 4019 1071 4113 Margaritae
1099 4019 1150 4092 do
1178 4020 1408 4095 sabaudia.

525 4238 613 4310 1218,
638 4240 652 4297 1
676 4236 775 4300 Junii.
801 4237 892 4316 Apud
911 4237 1103 4301 Meidunum.

120 4439 294 4518 Thomas
321 4463 448 4516 eomes
476 4435 685 4518 Sahaudiae
712 4436 776 4517 dat
802 4436 922 4518 filiam
957 4467 1066 4519 snam
1099 4437 1363 4546 margaritam,
1391 4450 1571 4541 quaeest

46 4555 140 4637 infra
170 4555 327 4638 nubiles
355 4582 487 4652 annor,
513 4553 641 4637 comiti
668 4558 913 4646 Artemanno,
941 4557 1021 4637 filio
1040 4556 1189 4637 eomitis
1209 4557 1351 4638 Uldriei
1371 4557 1418 4636 de
1438 4556 1570 4652 Kib0r‚

45 4675 312 4779 promittitque
332 4675 367 4755 ei
386 4705 443 4756 rau
463 4703 606 4756 mareas
625 4675 780 4781 argenti.
799 4678 1032 4756 Arimannus
1051 4703 1178 4757 eomes
1197 4704 1263 4780 pro
1282 4675 1570 4757 melioramento

44 4794 273 4902 Margaritae
301 4793 425 4876 uxoris
451 4821 541 4875 suae
568 4794 685 4875 donat
711 4795 766 4876 illi
794 4825 850 4876 mu
878 4823 1032 4877 mareas.
1061 4795 1235 4876 Uldrieus
1254 4821 1380 4876 comes
1401 4793 1480 4874 filio
1501 4822 1569 4874 suo

44 4919 287 4996 Artemanno
321 4914 447 5013 donat,
483 4926 584 4995 extra
618 4931 761 5018 partem
791 4915 957 5012 filiorum
986 4943 1162 5010 suorum,
1198 4916 1274 4994 duo
1310 4925 1449 5010 eastra,
1476 4917 1570 4994 duas

43 5035 181 5132 euriae,
213 5033 475 5138 promittitque
496 5034 627 5114 urbem
654 5033 793 5114 Kibors
818 5061 901 5114 esse
928 5033 966 5114 in
992 5045 1133 5137 partem
1162 5033 1310 5115 comitis
1337 5033 1570 5114 Artemanni.

117 5156 195 5236 Pro
224 5155 370 5236 Thoma
396 5155 533 5236 comite
562 5161 785 5256 juraverunt
826 5162 907 5258 ejus
947 5154 1018 5235 filii
1058 5154 1247 5235 Amedens
1286 5166 1324 5234 et
1355 5152 1569 5242 Umbertns‚

41 5301 172 5356 eomes
191 5273 394 5355 Bertoldus
411 5275 457 5354 de
484 5275 589 5354 Novo
617 5274 752 5362 Castro,
780 5273 984 5354 Umbertus
1013 5275 1059 5354 de
1079 5273 1247 5369 Bozozel,
1266 5272 1491 5353 Nantelmus
1522 5271 1568 5350 de

43 5395 204 5490 Miolan,
234 5395 427 5475 Amedeus
452 5394 498 5474 de
521 5392 659 5490 Vileta,
687 5393 819 5473 Petrus
851 5393 897 5474 de
931 5393 1080 5491 Seissel,
1114 5392 1239 5473 Berlin
1273 5392 1319 5472 de
1352 5391 1569 5486 Chandieu,

118 5568 146 5610 22
190 5566 295 5617 cumr,
308 5567 394 5621 Reputo
407 5567 505 5610 comitum
521 5566 647 5611 Suhuudtho.
684 5605 688 5612 ,
