4198 6190
467 325 513 388 44
869 323 1065 390 REGESTA
1094 315 1296 391 OOMiTUM
1326 323 1572 392 sunamiten

462 453 589 460 ——.-.
601 454 825 461 -——--—-—-.
864 457 869 460 .
882 457 946 462 -—
966 457 1119 462 -——----
1128 457 1136 461 -
1315 457 1443 462 ———.

729 737 853 805 CXXV.
885 777 918 788 -
948 735 1173 807 umbertus
1200 737 1236 820 1,
1263 735 1477 808 Amadeue
1505 739 1525 808 1
1555 754 1704 808 comes.

1000 937 1087 1009 1042,
1111 939 1146 996 11
1170 933 1269 998 Junii.
1292 935 1363 998 Ind.
1387 955 1421 996 x.

537 1116 742 1198 Umbertus
769 1117 785 1196 I
811 1143 938 1195 contos
967 1129 1005 1195 et
1031 1115 1099 1195 tilii
1138 1123 1218 1216 ejus
1254 1117 1445 1196 Amedeus
1474 1129 1511 1195 et
1538 1115 1645 1196 Oddo
1678 1115 1822 1196 donant
1848 1142 1984 1194 mona-

458 1239 571 1318 sterio
599 1237 636 1314 S.
665 1235 855 1315 Laurentii
892 1235 1166 1338 Gratianopolis
1198 1236 1393 1314 ecclesiam
1430 1235 1466 1314 iu
1506 1261 1599 1340 pago
1632 1233 1697 1337 qui
1733 1234 1828 1314 olim
1862 1263 1979 1313 voca-

456 1359 566 1438 hatur
593 1358 828 1444 Iiauastroue
856 1369 893 1433 et
921 1383 1021 1434 nuno
1049 1356 1094 1432 ad
1122 1354 1260 1448 Scalas,
1289 1367 1326 1433 et
1353 1355 1444 1434 alias
1471 1353 1648 1433 ecclesias
1676 1353 1714 1433 in
1745 1353 1879 1434 eadem
1901 1381 1980 1458 par·

457 1477 588 1558 rochia
615 1481 704 1554 sitas
731 1503 832 1553 nunc
859 1474 1014 1554 omnino
1047 1474 1273 1564 destructam
1306 1487 1343 1552 et
1372 1502 1487 1553 unuin
1520 1500 1707 1552 mensum.
1742 1473 1777 1552 S.
1806 1472 1979 1552 Umberti

457 1595 616 1682 comitis,
638 1595 676 1673 S.
696 1592 878 1689 dimonis,
908 1595 942 1672 8.
971 1593 1146 1672 Brooordi
1174 1591 1463 1696 archiepiscopi,
1495 1594 1532 1672 8.
1564 1591 1729 1688 hintoni,
1758 1593 1797 1672 S.
1825 1592 1978 1671 Malleni

460 1713 635 1816 episcopi,
663 1713 700 1792 S.
732 1712 889 1792 Amedei
918 1712 1076 1802 comitis,
1104 1713 1140 1792 S.
1170 1711 1321 1792 Odonis.

552 1899 553 1904 .
614 1865 796 1945 (Oottcctitm
816 1867 854 1927 da
875 1867 1051 1927 &cementa
1072 1865 1185 1927 inedita
1206 1884 1262 1927 aar
1283 1867 1449 1927 l’Hietoire
1470 1868 1508 1927 de
1531 1865 1664 1937 Franco,
1680 1865 1804 1942 publice
1829 1882 1896 1943 pur
1933 1867 1978 1926 lec

535 1964 619 2024 coice
646 1963 689 2024 du
719 1963 866 2024 Ministro
896 1963 934 2024 de
965 1963 1182 2024 l’Ittatractiott
1208 1962 1367 2040 palatique.
1400 1962 1417 2022 1
1445 1963 1554 2041 partie.
1584 1961 1661 2024 Doo.
1686 1961 1776 2022 XIX.
1800 1961 1909 2024 Ghart.
1936 1963 1976 2022 A.

538 2077 608 2140 pag.
632 2061 695 2141 42).

576 2357 581 2368 ¹
680 2397 822 2466 cxxvl.
860 2436 894 2445 -
928 2394 1051 2486 Engo
1078 2393 1283 2466 Marohic.
1311 2393 1524 2466 Ardoinua
1551 2396 1754 2469 Barchio.

997 2591 1070 2653 Sine
1092 2611 1174 2662 anuo
1195 2596 1224 2652 et
1244 2592 1322 2653 loeo.
1347 2593 1447 2652 1042?

536 2774 732 2864 Hannone,
764 2775 1021 2852 Rornanorum
1052 2802 1124 2864 rex,
1151 2775 1260 2852 Petro
1288 2773 1462 2875 religioso
1490 2773 1662 2874 episcopo
1690 2784 1728 2851 et
1753 2772 1881 2852 eithati
1901 2802 1975 2852 uno

461 2893 611 2974 casterii
640 2895 675 2972 8.
695 2893 887 2972 Michaelis
916 2893 952 2972 in
972 2893 1054 2972 ioco
1074 2893 1330 2996 porchiariana
1351 2906 1577 2988 constructo,
1596 2892 1719 2971 eidem
1748 2893 1973 2972 monasterio

460 3040 592 3095 ornnes
620 3039 679 3090 res
706 3039 791 3090 suas
818 3012 1038 3104 confirmat,
1066 3039 1152 3091 curn
1181 3011 1333 3091 castello
1362 3025 1399 3090 et
1425 3024 1526 3090 corte
1554 3013 1601 3089 de
1629 3011 1822 3108 Cluvesoe,
1859 3040 1970 3116 quarn

462 3136 539 3238 Ugo
568 3129 734 3210 Marohio
761 3131 935 3225 dederat,
963 3145 1111 3210 etcum
1141 3133 1357 3224 Casteneto,
1385 3129 1513 3225 Cocio,
1539 3131 1773 3222 Bertenseoo,
1803 3131 1971 3218 Villerez.

461 3278 555 3354 quae
596 3251 732 3331 dicitur
772 3250 950 3346 Castello‚
992 3251 1187 3344 Maliasoo,
1228 3250 1391 3330 Sablone
1419 3265 1457 3328 et
1483 3263 1606 3329 cetera
1643 3277 1739 3353 quae
1780 3252 1971 3332 hiduinus

461 3370 626 3451 Marchio
653 3369 756 3449 filius
784 3370 930 3450 Ottonis
959 3370 1073 3449 dedit.

622 3525 831 3605 (Tnnrrtsno,
864 3523 1070 3586 Tabularium
1091 3526 1299 3603 Ligusticum,
1332 3526 1394 3585 vol.
1416 3525 1485 3600 111,
1517 3545 1531 3586 e
1563 3525 1639 3586 Tali.
1664 3526 1751 3587 Eccl.
1778 3525 1970 3587 Bisuntinae.

539 3623 732 3694 D’Acnnnr,
747 3622 972 3700 (Spioiteptaot,
988 3625 1051 3684 aive
1068 3623 1213 3685 Uoltectt'o
1227 3630 1362 3684 annum
1376 3623 1494 3700 aliquot
1508 3624 1614 3700 script.
1631 3629 1700 3696 ete,
1717 3623 1857 3696 Parisiis,
1871 3624 1969 3696 1700),

537 3720 589 3781 oui
605 3718 740 3782 Jacobus
755 3717 937 3780 Durandius
950 3721 1116 3792 consentit,
1133 3740 1216 3780 anno
1231 3723 1308 3780 1014
1321 3723 1352 3780 et
1365 3719 1502 3781 Heurico
1517 3719 1551 3779 II
1565 3721 1642 3799 imp.
1660 3720 1805 3782 chartam
1820 3719 1969 3790 attribuit,

536 3817 588 3878 sed
608 3816 772 3887 mendose;
793 3835 867 3876 nam
889 3815 949 3878 hoo
972 3836 1054 3877 anno
1076 3817 1262 3878 Benedictus
1283 3817 1390 3879 Senior
1412 3817 1506 3878 abbas
1528 3818 1561 3877 S.
1579 3817 1744 3879 Michaelis
1765 3823 1843 3892 erat,
1860 3819 1911 3894 qui
1925 3835 1972 3896 per

535 3934 632 3976 annos
663 3917 796 3990 quatuor
817 3916 846 3973 et
868 3913 1079 3992 quadraginta
1109 3915 1294 3976 monasterio
1326 3914 1472 3993 praefuit,
1504 3919 1533 3973 st
1565 3916 1661 3976 vitam
1692 3915 1731 3976 od
1753 3934 1872 3976 annum
1899 3917 1971 3974 1031

537 4010 694 4090 produxit.

725 4364 888 4431 dxxvlt.
919 4401 964 4414 -
991 4364 1131 4456 Ayrnc
1161 4362 1211 4435 de
1240 4363 1458 4434 sabaudia
1486 4364 1580 4435 Sed.
1600 4363 1704 4450 epis.

982 4562 1069 4634 1040,
1093 4562 1129 4621 25
1152 4560 1272 4622 Martii.
1296 4561 1445 4622 Bisuntii.

533 4743 670 4822 Charta
696 4739 942 4821 institutionis
978 4744 1179 4824 canonicae
1218 4744 1396 4824 eeclesiae
1424 4743 1460 4822 S.
1490 4742 1646 4838 Mariae,
1675 4739 1767 4821 olim
1796 4743 1831 4822 S.
1858 4739 1963 4822 Paulo

455 4859 654 4942 Bisuntino
682 4860 835 4952 dicatae,
858 4887 977 4976 [quam
1005 4863 1175 4966 Hngonis
1204 4865 1230 4952 l,
1258 4863 1419 4965 archiep.
1447 4859 1653 4952 Bisuntini,
1687 4861 1961 4942 Testamentum

459 4993 620 5078 vocatur.

528 5099 563 5178 8.
594 5098 764 5203 Hugonis
797 5093 1024 5201 archieps.
1066 5098 1217 5181 Heurici
1250 5101 1532 5181 Lausannensis
1560 5101 1650 5204 epis.
1679 5102 1715 5182 8.
1745 5097 1958 5182 Theoderici

453 5217 672 5297 Besilieusis
700 5217 789 5320 epis.
818 5216 853 5297 S.
883 5218 1064 5318 hymenis
1094 5219 1325 5300 Sednuensis
1354 5219 1528 5327 episcopi.

614 5372 765 5450 (Dorion,
789 5371 929 5433 Histoire
951 5374 988 5434 dc
1011 5359 1143 5450 t'Eph’oe
1164 5376 1201 5434 de
1222 5375 1396 5450 Booscoete,
1418 5377 1479 5438 voi.
1503 5379 1536 5453 1,
1560 5377 1710 5450 Preuves,
1731 5395 1804 5457 pag.
1828 5372 1944 5450 XLIX}-
