4070 6186
476 358 544 420 142
878 354 1076 424 REGESTA
1104 354 1308 423 GOMI'IUM
1337 354 1582 424 SABAUDIAE

471 594 742 674 etMontoxolo
762 594 862 676 etde
883 596 1061 675 omnibus
1089 595 1173 675 aliis
1202 595 1278 675 suis
1307 593 1446 674 castris.
1475 595 1568 676 Item
1597 595 1779 685 concedit,
1809 607 1850 674 ut
1873 625 1956 678 nemo
2020 613 2021 676 l

471 712 608 793 civium
638 715 685 792 de
712 714 875 795 Taurino
902 715 990 794 dare
1022 715 1158 794 debeat
1192 714 1388 820 pedagium
1424 713 1482 793 vel
1515 713 1699 793 carrariam
1733 713 1791 793 vel
1826 715 1956 818 aliquam
2020 783 2021 824 p

472 835 704 914 exactionem
733 833 772 913 in
799 848 921 914 castro
948 833 995 914 de
1027 835 1205 930 Testona,
1235 833 1369 914 necin
1406 847 1483 912 toto
1511 833 1680 914 districto
1715 834 1834 936 ipsius
1868 837 1958 916 castri.

547 953 618 1032 Pro
643 981 717 1054 qua
744 954 985 1033 concessione
1013 953 1193 1032 Consules
1221 955 1322 1041 dant,
1343 979 1410 1054 pro
1431 980 1519 1056 pace
1541 953 1711 1032 lacienda
1730 953 1831 1033 inter
1848 955 1956 1056 episco-

471 1101 561 1175 pum
588 1082 626 1151 et
652 1071 826 1152 dominos
853 1075 899 1152 de
929 1071 1114 1167 Plozasco‚
1135 1071 1342 1152 ducentum
1365 1086 1403 1152 et
1419 1072 1694 1176 quinquaginta
1712 1086 1856 1176 septem
1876 1073 1960 1152 lilius

470 1191 621 1270 Aimoni
649 1191 695 1270 de
723 1193 869 1272 Ruvere
896 1203 934 1272 et
959 1191 1120 1296 Bigloni,
1156 1219 1230 1294 quo
1270 1207 1376 1296 pacto
1403 1192 1514 1272 Airno
1541 1207 1580 1271 et
1609 1191 1725 1296 Boglo
1762 1193 1961 1272 dimiserunt

470 1311 649 1414 Episcopo
677 1322 793 1391 totarn
822 1300 929 1390 suam
955 1309 1142 1411 justitiam
1171 1311 1210 1390 in
1239 1323 1361 1389 castro
1389 1316 1435 1390 de
1465 1308 1631 1391 Publicis
1651 1324 1688 1389 et
1714 1310 1752 1391 in
1773 1311 1869 1390 villu.
1888 1312 1959 1391 ltem

471 1429 653 1510 Consules
681 1431 772 1509 daut
799 1458 863 1533 pro
891 1429 1079 1533 praedicta
1107 1457 1195 1533 pace
1223 1429 1392 1510 facienda
1420 1430 1577 1510 domino
1597 1428 1757 1509 Merloni
1777 1443 1816 1509 et
1835 1430 1961 1510 domino

469 1547 673 1628 Arducioni
699 1549 745 1628 de
772 1549 947 1630 Plozasoo
974 1561 1127 1628 centurn
1158 1561 1195 1628 et
1221 1549 1495 1654 quinquaginta
1523 1548 1712 1641 libras,-ur
1732 1548 1822 1628 dicti
1843 1549 1960 1628 domiui

471 1668 652 1771 Episcopo
670 1666 808 1748 laciant
828 1695 956 1770 pacem
977 1682 1015 1748 et
1033 1668 1151 1747 finem
1171 1669 1218 1748 de
1237 1682 1356 1749 castro
1374 1683 1412 1748 et
1432 1667 1518 1748 villa
1545 1681 1583 1747 et
1611 1669 1730 1774 burgo
1749 1669 1796 1746 de
1817 1669 1961 1748 Testona.

547 1787 693 1866 Testes:
727 1786 892 1867 lacobus
929 1787 976 1866 de
1010 1787 1047 1866 S.
1081 1786 1279 1878 Dalmatio,
1314 1787 1436 1892 Guigo
1468 1785 1667 1877 Ansaldus
1700 1787 1862 1867 Auriens
1892 1787 1963 1866 llal·

471 1933 610 2000 rersus
637 1907 791 1987 Amicus
829 1906 876 1987 de
916 1909 1064 1993 Douuo,
1101 1905 1343 1986 Vuillielmus
1372 1907 1543 2001 Polastri‚
1573 1908 1659 1986 Otto
1688 1908 1798 2001 Zuoa‚
1826 1907 1963 1988 Ubartus

470 2025 717 2114 Malaoorona
745 2026 925 2107 Rihaldus
943 2022 1184 2115 Vuillelmus‚
1204 2027 1449 2116 Paramental
1469 2027 1667 2118 Gavarms,
1683 2027 1818 2107 Petrus
1836 2026 1963 2118 Fuluus,

468 2145 695 2226 Vullielmus
724 2147 891 2240 citellus,
916 2146 1112 2228 lohannes
1148 2147 1311 2238 Moerus,
1351 2147 1514 2226 Arduoio
1542 2145 1662 2237 Ribai
1700 2147 1910 2227 Villielmus
1931 2146 1964 2226 de

470 2265 505 2344 S.
534 2265 734 2357 Dalmatio,
760 2265 925 2347 lacobus
953 2263 1058 2346 Riba.

546 2387 696 2466 Mussus
723 2385 931 2489 ImperiaIIs
959 2385 1066 2464 aulae
1095 2386 1261 2466 notarius
1289 2387 1446 2489 scripsit.

621 2539 664 2621 (E
680 2539 758 2602 neb.
774 2539 920 2619 Archiep.
938 2538 1135 2615 Teurinensi,
1152 2539 1244 2602 Geth.
1262 2543 1289 2615 I,
1304 2540 1381 2604 Iaso.
1394 2543 1422 2616 I,
1440 2562 1472 2602 n.
1490 2544 1538 2603 10.
1556 2543 1695 2604 Μ.Η.Ρ.
1713 2543 1822 2606 Chert.
1838 2543 1866 2618 1,
1883 2545 1963 2608 1003).

811 2865 1067 2936 CCCLXXXII.
1098 2905 1133 2916 -
1163 2862 1402 2936 celestinus
1427 2866 1492 2936 m
1517 2867 1563 2937 Ρ.
1591 2863 1646 2934 nt.

953 3061 1042 3135 1198,
1066 3062 1226 3135 Laterani,
1249 3061 1346 3142 (Pont
1367 3081 1421 3123 sn.
1444 3061 1523 3139 ΙΙΙ).

545 3238 758 3322 Celestinus
786 3240 824 3319 P.
860 3241 907 3318 M.
942 3239 1139 3320 Walberto
1177 3241 1405 3345 Augustensi
1445 3241 1617 3344 episcopo
1652 3240 1907 3343 possessiones
1940 3255 1965 3318 el

470 3361 542 3440 ulia
565 3367 650 3462 jura
678 3387 774 3461 qrrae
801 3359 1103 3439 Mauriennensis
1141 3387 1269 3440 conres
1297 3360 1477 3440 ccclesiae
1505 3363 1733 3465 Augustensi
1761 3363 1923 3442 restituit
1943 3375 1969 3439 el

470 3508 513 3560 ea
540 3506 635 3582 quae
663 3479 742 3580 ipse
762 3478 996 3580 acquisierat,
1017 3479 1218 3581 apostolica
1240 3480 1462 3560 anctoritate
1482 3481 1691 3560 conlirmat.
1712 3481 1893 3563 Nominat
1910 3492 1968 3559 ter-

467 3599 558 3679 tiarn
588 3612 728 3702 purtem
759 3597 957 3678 tallearum
986 3598 1024 3677 in
1053 3598 1200 3678 civitate
1228 3612 1265 3678 et
1292 3598 1486 3695 suburbio,
1514 3627 1672 3704 censum
1701 3628 1813 3703 super
1832 3603 1968 3681 domun

468 3717 633 3797 Gonteri.
651 3774 659 3790 .
677 3776 684 3792 .
702 3715 740 3795 in
761 3715 854 3796 valle
878 3717 1030 3820 dogma,
1054 3716 1322 3796 Maresoallium
1343 3719 1381 3796 in
1402 3745 1518 3822 grano
1544 3733 1581 3796 et
1608 3721 1704 3809 leno,
1732 3733 1769 3798 et
1791 3719 1968 3822 praedium

467 3837 567 3938 quod
595 3834 816 3938 Aynserious
844 3837 891 3914 de
919 3835 1103 3914 Anravilla
1133 3836 1286 3916 tenebat
1312 3836 1348 3914 in
1372 3837 1483 3916 leudo
1502 3864 1524 3914 a
1542 3839 1722 3918 Gonterio
1742 3839 1788 3918 de
1808 3840 1967 3918 Grazano.

627 3987 669 4066 (E
692 3986 768 4048 Tab.
793 3987 878 4064 Epis.
900 3986 1100 4063 Augustansi.
1123 3988 1151 4045 I.
1175 3988 1212 4049 A.
1237 3986 1310 4048 Duc
1336 3988 1514 4050 Oartcloe'rc
1535 3990 1572 4051 dc
1593 3977 1737 4051 r’dvccea
1761 3991 1903 4064 ditono,
1930 4007 1969 4068 pe·

548 4086 623 4163 gine
645 4087 714 4156 205,
737 4084 771 4144 in
793 4085 995 4145 Mirrcltcuec
1015 4085 1050 4145 di
1072 4083 1180 4145 stura
1200 4084 1359 4158 Italicae,
1382 4085 1471 4147 Tum.
1496 4085 1637 4164 XXIII).
1692 4131 1694 4134 -

852 4413 1089 4480 CCCLXXXV.
1119 4451 1154 4460 -
1182 4407 1360 4480 Iullum
1387 4408 1610 4480 abbatisse

608 4534 652 4602 et
679 4530 824 4622 Agnes
853 4528 1137 4602 (tabennensis
1165 4528 1396 4628 comitisse,
1423 4526 1604 4600 Amndet
1630 4530 1694 4600 111
1719 4525 1848 4600 filine.

1098 4730 1185 4802 1194,
1209 4731 1245 4787 31
1270 4727 1358 4787 Julii.

549 4913 710 5012 «Pridie
737 4914 782 4994 K.
810 4911 972 5017 Augusti
1000 4910 1060 4992 olr.
1089 4911 1173 4990 dna
1199 4908 1351 4990 doliana
1379 4908 1508 4990 ablr.sa
1536 4908 1624 4989 Scti
1643 4911 1814 4990 Andreae
1833 4939 1904 5014 qua
1921 4910 1967 4987 lra-

466 5034 579 5116 lrebat
597 5036 644 5114 de
663 5034 779 5138 p.prio
798 5032 876 5114 Aris
896 5031 955 5111 sui
977 5029 1177 5110 Humlterti
1197 5028 1326 5109 comiti
1346 5027 1558 5110 Sabaudiae
1578 5044 1617 5108 et
1635 5031 1683 5128 de
1700 5031 1815 5134 pprio
1831 5027 1966 5134 Agnetis

466 5153 603 5237 sororis
629 5180 697 5233 sue
724 5152 988 5234 Gabennensis
1016 5150 1217 5230 comitisse.
1236 5209 1243 5224 .
1261 5209 1269 5223 .
1287 5148 1392 5229 dedit
1410 5148 1611 5230 conventui
1631 5148 1755 5230 eidem
1775 5149 1897 5239 eccle,
1915 5159 1966 5226 etc.

624 5310 811 5388 (cinnamo,
845 5306 982 5384 Amatur
1012 5303 1064 5364 dci
1095 5303 1237 5381 Priuce'pe'
1266 5303 1301 5397 dl
1334 5302 1450 5363 Socoe'o
1481 5304 1565 5364 cello
1598 5301 1698 5366 occa
1722 5303 1758 5364 dr·
1785 5304 1819 5365 S.
1842 5298 1964 5366 Mente.

547 5406 722 5481 Iscrinioni‚
745 5424 818 5484 pag.
842 5408 889 5464 15.
914 5402 1044 5464 Iuliane
1066 5400 1221 5463 abbatissa
1242 5401 1327 5462 Mon.
1353 5399 1386 5462 S.
1410 5399 1551 5462 Andreae
1570 5399 1754 5463 Viennensis
1775 5399 1848 5463 fuit.
1872 5401 1963 5475 Agna,
