4198 6190
782 365 949 434 PETRUS
1580 365 1624 428 55

1515 476 1627 484 ...μ-

108 605 171 687 uhi
199 635 306 687 secus
326 608 461 710 pedem
481 604 607 684 altaris
626 604 827 706 requiescit
845 605 1101 712 Magnil'redus
1121 604 1300 694 marchio,
1319 605 1490 684 sedimen
1510 606 1624 684 situm

104 725 201 827 apud
227 725 418 816 BuriadeS,
445 751 511 826 pro
531 723 628 804 victu
656 750 720 803 sex
739 723 1029 826 presbiterorum
1051 737 1088 802 et
1106 751 1171 827 pro
1191 732 1315 802 anima
1338 725 1528 826 quondam
1550 723 1624 804 Od-

107 843 214 922 donis
242 842 310 922 viri
339 843 408 923 sui.

265 1003 307 1084 (Ε
328 1002 436 1067 Oharl.
460 1003 548 1066 Eool.
572 1002 784 1066 Teurinsnsie.
809 1003 1017 1076 Guroneroa,
1039 1003 1188 1076 stannea,
1211 1021 1280 1082 pag.
1306 1007 1367 1084 14).

329 1383 454 1448 CLVII.
497 1420 526 1426 -
563 1379 715 1448 Petrus
742 1378 975 1449 numianus
1000 1377 1203 1450 Adeleidi
1231 1399 1332 1450 com.
1361 1379 1400 1450 S.

569 1573 641 1636 Sine
663 1591 746 1634 enno
766 1577 795 1633 et
815 1571 883 1635 loco
904 1573 1016 1650 0062?
1038 1575 1166 1652 1063?).

181 1758 238 1837 hd
265 1756 482 1836 hdalaidem
511 1756 701 1836 ducissam
730 1767 768 1834 et
787 1755 1097 1834 marchionissam
1117 1754 1267 1856 Alpium
1289 1756 1507 1849 Cottiarum,
1527 1755 1625 1834 hda-

106 1875 196 1954 laidi
224 1875 559 1956 excellentissimae
587 1875 688 1969 duci,
715 1877 847 1954 Petrus
876 1887 1044 1978 peccator
1070 1874 1279 1954 monachus
1306 1881 1354 1975 (S.
1386 1883 1521 1954 Petrus
1549 1881 1627 1953 Do-

105 2000 270 2074 miunua
296 2023 362 2074 coo.
391 2003 494 2076 Rom.
519 2001 647 2096 presb.
675 1999 807 2082 cord).

182 2115 289 2206 Quod
322 2122 401 2216 jam
429 2114 577 2216 scripsit
611 2114 658 2192 ad
691 2113 963 2192 Taurinensem
1000 2111 1238 2214 episcopum,
1275 2112 1406 2192 scrihit
1444 2142 1544 2193 nuno
1578 2114 1624 2193 ad

107 2231 342 2328 hdelaidem
370 2232 552 2313 nimirum
582 2246 623 2311 ut
649 2232 871 2312 clericorum
901 2231 940 2310 in
958 2259 1024 2311 sua
1044 2230 1187 2311 ditione
1215 2232 1432 2336 degentium
1463 2233 1627 2312 inconti-

106 2351 276 2431 nentiam
313 2364 497 2442 coerceat,
536 2377 675 2453 eosque
712 2351 943 2430 concubinas
982 2349 1120 2430 hahere
1159 2377 1394 2454 nequaquam
1441 2352 1625 2454 patiatur3

100 2471 287 2570 Justitiam
315 2498 465 2575 quoque
492 2483 530 2550 et
556 2471 732 2574 pietatem
761 2471 800 2551 in
828 2469 1018 2559 ecclesias,
1046 2469 1253 2572 plurimum
1282 2474 1316 2549 ei
1344 2471 1597 2550 commendat.

177 2589 365 2669 Memorat
381 2589 420 2669 in
437 2589 579 2670 ditione
606 2595 698 2690 ejus,
716 2616 813 2692 quae
841 2589 878 2669 in
899 2589 1062 2667 duorum
1082 2615 1296 2692 regnorum,
1326 2589 1454 2669 ltaliae
1482 2588 1625 2668 scilicet

57 2761 62 2770 -
105 2723 141 2786 et
160 2709 403 2813 Burgundiae
423 2709 646 2814 porrigitur,
668 2736 743 2787 non
761 2708 873 2788 breve
893 2707 1121 2796 confinium,
1149 2706 1273 2809 plures
1301 2707 1505 2811 episcopari
1527 2709 1624 2788 anti-

104 2828 228 2922 stites3
255 2861 271 2900 »
295 2828 465 2908 hdelaidi
493 2829 539 2906 ad
568 2829 832 2933 corrigendum
861 2829 1035 2907 idoneam
1066 2854 1142 2906 uon
1171 2828 1301 2907 deesse
1330 2827 1529 2923 virtutem,
1556 2856 1626 2907 nec

106 2947 211 3027 virile
243 2947 358 3027 robur
386 2947 550 3028 l'emineo
586 2948 624 3026 in
660 2959 829 3050 pectore;
867 2947 1027 3026 named
1068 2946 1284 3050 exemplum
1319 2947 1508 3039 Dehorae,
1544 2948 1625 3027 sine

106 3066 201 3146 virili
229 3067 327 3172 regis
355 3068 506 3163 auxilio,
526 3067 632 3172 regni
661 3066 806 3168 pondus
825 3067 1005 3156 sustinet,
1033 3079 1145 3170 atque
1167 3069 1210 3147 ad
1232 3094 1316 3146 eam
1336 3067 1535 3148 oonlluunt
1563 3068 1625 3170 qui

104 3185 235 3266 litibus
262 3185 339 3266 suis
368 3187 561 3290 imponere
590 3185 719 3290 legalis
748 3185 958 3265 sententiae
985 3186 1173 3266 calculum
1201 3187 1483 3290 concupiscunt.
1519 3186 1626 3266 lllam

105 3303 286 3399 hortatur,
315 3318 357 3383 ut
386 3332 539 3384 secum
569 3305 741 3408 episcopo
779 3303 1000 3383 Taurinensi
1025 3311 1207 3412 jungatur·
1233 3306 1276 3384 ad
1307 3305 1477 3384 luxuriae
1505 3306 1623 3385 aciem

106 3423 383 3505 debellandam.
412 3424 507 3504 Dein
535 3423 653 3504 addit:
681 3458 696 3494 a
716 3425 762 3503 Et
789 3425 876 3526 quia
905 3437 940 3501 te
969 3424 1053 3504 nori
1082 3425 1128 3505 dc
1157 3426 1284 3505 iterata
1316 3426 1479 3528 conjugii
1507 3425 1628 3531 gemi-

105 3545 257 3623 natione
285 3557 519 3646 suspectam,
558 3555 723 3622 tentatus
750 3571 771 3622 a
798 3543 999 3622 Saduoaeis
1028 3544 1205 3624 dominns
1240 3546 1286 3624 dc
1319 3545 1499 3639 mnliere,
1533 3565 1627 3647 quae

106 3675 251 3766 septem
280 3663 402 3743 luerat
429 3663 604 3741 iratribus
633 3678 766 3766 nupta,
796 3664 853 3742 cui
885 3663 979 3744 l'oret
1006 3663 1153 3743 illorum
1184 3667 1221 3743 in
1243 3665 1514 3744 resurrectione
1543 3691 1627 3765 prae

106 3782 240 3863 ceteris
256 3783 483 3884 judicanda,
512 3783 565 3860 sic
592 3782 804 3885 respondit:
833 3783 870 3862 in
891 3784 1165 3862 resurrectione
1188 3811 1307 3886 neque
1337 3783 1483 3863 nubent
1505 3809 1626 3885 neque

107 3903 317 3999 nubentur,
337 3902 403 3981 sed
423 3915 534 3980 erunt
552 3901 649 3980 sicut
668 3901 787 4004 angeli
808 3901 845 3981 in
867 3902 989 4001 caelu,
1012 3931 1100 3981 nam
1121 3904 1148 3982 si
1171 3903 1382 3982 multivirae
1401 3904 1446 3981 ad
1466 3929 1625 4006 regnum

107 4023 171 4100 ltei
204 4021 421 4100 nullatenus
439 4021 681 4123 pertinerent,
701 4048 937 4123 nequaquam
969 4021 1032 4101 hio
1055 4022 1190 4102 veritas
1214 4023 1457 4125 responderet
1480 4053 1497 4092 α
1517 4034 1628 4100 erunt

106 4141 204 4221 siout
223 4139 346 4246 angeli
375 4139 413 4218 in
441 4139 570 4219 coelo..
585 4201 589 4211 .
605 4177 636 4215 r.
655 4143 700 4220 llt
727 4141 820 4219 haec
846 4140 990 4243 loquor,
1019 4168 1093 4220 non
1117 4155 1159 4220 ut
1177 4142 1379 4222 adhibeam
1401 4139 1627 4220 multinubis

106 4261 234 4341 adhuc
261 4261 394 4339 futuris
422 4259 637 4355 audaciam,
673 4261 738 4338 sed
770 4273 809 4338 ut
831 4267 909 4360 jam
939 4261 1044 4340 lactis
1071 4262 1149 4364 spei
1184 4261 1242 4341 vel
1270 4258 1523 4365 poenitentiae
1550 4288 1626 4340 non

106 4379 348 4459 substraham
377 4379 665 4458 medicinam
699 4379 970 4458 Monasterium
1000 4393 1192 4483 praeterea
1213 4381 1511 4469 Fructuariensa
1531 4391 1626 4458 tam·

107 4501 221 4602 qiram
243 4525 325 4577 vere
347 4499 556 4578 thalamum
571 4499 672 4590 lesu,
687 4512 773 4576 tuae
791 4499 910 4604 magis
928 4526 970 4578 ac
989 4499 1109 4602 magis
1125 4499 1354 4580 commendo
1373 4499 1563 4579 custodiae
1575 4558 1582 4574 .
1595 4555 1625 4576 ..

107 4631 147 4696 nt
167 4646 234 4721 per
253 4630 287 4696 te
307 4617 480 4697 coelestis
508 4616 569 4696 ille
597 4645 755 4719 sponsus
784 4630 869 4695 tuus
897 4617 934 4697 in
964 4646 1008 4697 eo
1036 4619 1199 4698 suaviter
1217 4619 1428 4722 requiescat
1453 4617 1628 4719 omnipo-

107 4752 189 4816 tens
232 4737 341 4816 Deus.
379 4737 428 4815 Te
465 4765 508 4815 ac
540 4751 621 4814 tuos
650 4737 773 4840 regiae
800 4735 943 4815 scilicet
970 4735 1106 4817 indolis
1137 4736 1233 4817 lilios
1261 4736 1477 4828 benedicat,
1508 4764 1626 4839 eoque

107 4885 181 4934 non
212 4857 324 4934 inodo
353 4855 398 4933 ad
427 4854 569 4946 aetatis,
597 4856 662 4933 sed
691 4855 806 4933 ctiam
836 4854 1042 4935 sanctitatis
1072 4856 1305 4935 incrementa
1332 4857 1512 4959 perducat.
1541 4854 1601 4932 o.'

268 5025 369 5103 (Beati
391 5026 494 5085 Purm
520 5027 665 5086 Damasi
689 5027 721 5086 S.
750 5025 788 5084 R.
811 5025 849 5084 E.
869 5025 1044 5086 cardinalis
1077 5026 1209 5106 episcopi
1233 5026 1380 5088 Ostiensis
1405 5045 1495 5104 opera
1520 5025 1628 5086 omnic

186 5123 316 5184 Parisiis
338 5142 495 5195 nootxrv,
518 5123 605 5183 Tom.
628 5122 674 5195 II,
697 5141 768 5200 pag.
793 5124 847 5182 181
870 5129 899 5183 et
920 5143 980 5199 seg.
1005 5123 1085 5184 inter
1107 5123 1274 5202 Opusculu.
1293 5125 1421 5185 Petrum
1436 5123 1629 5184 Damianum

184 5223 247 5282 hec
268 5219 397 5298 epistola
419 5221 597 5282 Adeleidem
620 5220 707 5280 tectis
728 5219 829 5280 verbis
850 5239 868 5280 a
890 5219 1010 5296 quartia
1031 5221 1151 5299 nuptiis
1166 5222 1326 5296 deterrere,
1343 5240 1465 5282 summe
1487 5239 1628 5299 prorsum

184 5320 346 5380 doctorum
366 5321 410 5379 est
430 5317 547 5396 opinio,
564 5337 659 5396 quum
679 5323 708 5377 ct
724 5335 777 5393 ego
792 5336 854 5376 uon
871 5317 915 5378 ite
930 5319 1049 5395 pridem
1072 5319 1176 5390 tenui;
1199 5338 1283 5380 nuuc
1306 5339 1375 5380 voro
1397 5317 1520 5379 animus
1548 5317 1629 5378 mihi

187 5415 322 5495 pendat).
