4070 6186
846 365 1044 434 REGESTA
1073 364 1276 435 ΟΟΜΙΤΠΜ
1305 367 1550 435 snssauulan

1638 483 1938 491 --—---—-—.—

443 735 612 804 conxlx.
633 774 668 785 -
689 729 903 804 Amedeue
929 732 994 802 111
1020 733 1064 801 et
1090 728 1300 801 Adeleidn
1329 729 1546 802 eomltlm
1572 736 1749 802 monast.
1771 731 1810 802 8.
1831 732 1942 801 susti.

875 929 964 1002 1184,
988 929 1026 990 27
1047 927 1138 1002 tulii,
1161 926 1220 989 Die
1241 927 1339 990 duvia.
1363 926 1519 1008 Ripaltea.

518 1113 659 1194 Notitia
690 1111 780 1192 Pius
800 1139 927 1191 comes
945 1111 1138 1192 Amedeus
1158 1112 1302 1191 donum
1323 1110 1410 1191 fecit
1428 1111 1608 1192 ecclesiae
1629 1113 1663 1191 S.
1682 1114 1704 1193 J
1709 1113 1782 1192 usti
1798 1113 1943 1192 doninu-

440 1260 520 1334 que.
539 1293 545 1306 .
565 1293 571 1307 .
590 1291 597 1308 .
614 1233 661 1313 de
680 1230 859 1312 omnibus
880 1230 992 1312 rebus
1012 1230 1217 1311 mobilibus
1236 1231 1313 1311 sive
1334 1229 1596 1312 immobilibus
1615 1243 1653 1310 et
1672 1231 1718 1311 de
1736 1233 1845 1313 omni
1862 1247 1944 1312 terra

441 1357 487 1438 ad
515 1353 659 1434 curiam
686 1349 835 1431 Almisii
863 1365 901 1428 et
927 1357 1008 1451 ejus
1034 1351 1301 1454 pertinentem,
1330 1378 1425 1453 quae
1453 1349 1619 1430 laborata
1648 1350 1769 1430 luerat
1792 1355 1861 1455 ¹per
1884 1353 1943 1432 Pa-

442 1501 581 1582 ganum
611 1468 702 1551 olim
731 1468 909 1550 colonum
936 1469 1106 1570 ejusdem
1136 1468 1257 1566 villae,
1285 1497 1398 1572 quam
1427 1468 1545 1551 Merlo
1573 1472 1782 1551 vicecomes
1801 1471 1946 1551 Avillia-

446 1594 529 1676 niae
556 1605 593 1672 et
619 1589 691 1672 filii
718 1596 800 1690 ejus
827 1599 1091 1693 postmortem
1112 1589 1228 1692 ipsius
1255 1588 1395 1694 Pagani
1415 1589 1556 1691 injuste
1580 1591 1806 1669 invaserant.
1827 1592 1947 1671 Comes

440 1711 555 1795 simul
568 1708 735 1791 reddidit
751 1736 904 1789 omnem
925 1707 1190 1788 rectitudinem
1212 1707 1393 1789 ecclesiae
1413 1710 1446 1788 S.
1471 1709 1571 1788 lusti
1601 1709 1638 1788 in
1658 1708 1756 1788 Villa
1776 1707 1948 1796 Volveria,

441 1858 555 1938 quam
575 1828 766 1934 quondam
786 1827 896 1907 miles
916 1827 1101 1906 Galtarius
1121 1840 1244 1906 custos
1263 1827 1373 1906 castri
1392 1827 1725 1930 Plociasciinjuste
1744 1827 1946 1908 detenebat.

440 1947 621 2034 Reddidit
646 1962 684 2026 ct
718 1945 965 2051 piscationem
993 1946 1146 2026 lacuum
1174 1945 1370 2026 Avillianie
1404 1975 1519 2050 quam
1554 1947 1744 2051 predictus
1780 1946 1898 2027 Merlo
1920 1961 1950 2026 et

442 2069 512 2152 filii
531 2076 612 2170 ejus
631 2067 730 2147 mele
748 2065 981 2161 detinebant,
1003 2065 1068 2144 tali
1093 2077 1223 2146 tenore
1243 2078 1285 2146 ut
1310 2065 1389 2168 ipse
1417 2092 1544 2147 comes
1572 2065 1813 2148 medietatem
1844 2065 1949 2170 ipsius

442 2187 666 2294 piscacionis
693 2185 832 2267 habaet
851 2197 1001 2290 propter
1019 2185 1241 2272 custodiam,
1269 2184 1424 2266 alteram
1445 2213 1532 2266 vero
1559 2186 1685 2267 abbati
1706 2198 1744 2267 at
1762 2183 1949 2266 monachis

441 2308 603 2390 liberam
631 2321 670 2388 et
694 2306 909 2386 immunem
939 2305 1079 2386 habere
1107 2305 1226 2386 l'aciat.

520 2428 599 2508 Hac
626 2427 673 2506 de
700 2452 812 2505 causa
839 2422 957 2504 abbas
984 2423 1113 2504 comiti
1142 2423 1247 2503 dedit
1287 2422 1523 2532 octingentos
1563 2424 1716 2522 solidos,
1752 2454 1795 2506 ea
1829 2427 1949 2506 condi·

441 2549 562 2646 aione,
590 2546 691 2650 quod
720 2547 798 2646 ipse
825 2571 952 2624 comes
979 2571 1065 2624 oum
1094 2570 1208 2624 uxore
1226 2571 1295 2624 sua
1313 2543 1495 2624 Adelaida
1514 2545 1715 2626 cometissa
1733 2545 1862 2626 omnia
1876 2552 1948 2647 jura

441 2667 675 2773 supradictae
703 2664 893 2756 ecclesiae,
919 2691 1015 2769 quae
1042 2668 1080 2744 in
1102 2664 1172 2744 hac
1200 2664 1331 2768 pagina
1359 2665 1494 2768 scripta
1522 2680 1622 2758 sunt,
1650 2665 1826 2745 defendat
1855 2677 1919 2746 etc

515 2789 657 2868 Testes:
680 2784 883 2866 Umber-tus
903 2784 950 2864 de
968 2782 1192 2875 Bocsosello,
1210 2784 1321 2863 dimo
1337 2785 1383 2864 de
1403 2784 1620 2878 Briauzona,
1638 2784 1749 2864 Aimo
1768 2784 1950 2877 Beraldus,

442 2906 556 2988 Wala
583 2905 770 3000 Secusiae,
797 2903 924 2983 Bruuo
951 2903 1137 2994 Beliardo,
1173 2902 1302 2982 Hanoc
1336 2917 1373 2983 et
1408 2930 1524 3007 napos
1559 2911 1639 3006 ejus
1666 2904 1849 2992 Andreas,
1877 2905 1950 2982 Otto

447 3024 677 3107 Mainlredus
706 3025 753 3104 de
781 3023 965 3126 Vigidona
993 3035 1031 3102 et
1056 3021 1231 3102 Albertus
1259 3021 1366 3104 Oddo
1393 3024 1441 3104 de
1468 3023 1648 3104 Civisone.

603 3177 646 3259 (Ε
667 3178 707 3239 Β.
732 3177 809 3240 Tab.
834 3175 1034 3250 Taurinenei,
1057 3175 1127 3238 ebb.
1151 3177 1183 3239 S.
1206 3176 1303 3249 «lusti,
1326 3176 1403 3238 fasc.
1426 3177 1589 3240 IPnrnue
1603 3176 1720 3239 Varus
1735 3177 1949 3258 transcripsit).

772 3491 923 3560 CCLXX.
953 3527 988 3537 -
1016 3485 1262 3558 Libertates
1289 3483 1622 3557 taurinensium.

582 3741 585 3754 ,
674 3683 761 3757 1186,
783 3682 874 3763 Apud
895 3681 1055 3745 castellum
1077 3680 1109 3743 S.
1133 3680 1252 3744 Mariae
1272 3700 1365 3761 prope
1385 3681 1517 3760 burgum
1539 3681 1572 3742 S.
1595 3681 1713 3744 Donni.

518 3865 718 3945 Letharius
746 3865 811 3964 (ll)
837 3863 1052 3969 imperator,
1081 3864 1294 3944 interuentu
1322 3864 1516 3944 Riolrildae
1553 3865 1743 3970 conjugis,
1780 3865 1947 3944 fidelibus

439 3983 516 4064 suis
543 3985 985 4065 Taurinensibusornnia
1003 4012 1046 4064 ea
1065 3985 1274 4073 confirmat,
1302 4011 1396 4086 qnae
1426 3984 1609 4064 Henricus
1639 3985 1842 4089 imperator
1869 3983 1946 4086 ipsis

441 4103 638 4199 concessit,
666 4103 716 4184 ita
746 4116 787 4185 ut
822 4105 995 4184 eamdem
1026 4132 1138 4207 quam
1168 4115 1312 4182 ceterae
1347 4103 1514 4182 civitates
1556 4103 1709 4184 Italicae
1749 4105 1945 4185 libertatem
2008 4199 2009 4206 .

441 4223 669 4304 habeantet
695 4223 820 4327 quiete
848 4224 1029 4318 fruantur,
1068 4223 1170 4302 salvo
1210 4237 1336 4302 tamen
1368 4223 1405 4302 in
1447 4221 1626 4302 omnibus
1650 4231 1736 4325 jure
1769 4238 1892 4303 nostro
1917 4233 1945 4299 et

440 4342 596 4424 Comitis
624 4342 737 4435 illius,
764 4343 823 4424 cui
851 4343 972 4426 ,vinem
1002 4354 1167 4422 nostram
1187 4340 1502 4422 commiserimus.

599 4496 641 4578 (n
664 4496 740 4558 Tab.
765 4496 858 4558 (livit.
882 4495 1094 4568 Tamicensis,
1118 4495 1270 4572 Prtct'tcpt'
1292 4513 1307 4556 c
1332 4494 1536 4568 Oottccaat‘oca',
1560 4495 1637 4558 laec.
1660 4496 1687 4556 1.
1712 4495 1795 4558 ceth.
1821 4499 1847 4567 1,
1868 4514 1901 4564 n,
1922 4498 1945 4552 t.

520 4593 600 4655 adid.
624 4595 669 4656 H.
693 4595 731 4656 P.
755 4596 801 4657 M.
825 4595 933 4657 Obert.
956 4594 985 4667 1,
1008 4593 1066 4656 ool.
1090 4593 1174 4671 775).
1270 4663 1276 4692 Ι

695 4903 863 4974 cunxxl.
899 4942 928 4954 -
956 4899 1157 4974 Lotnrlns
1183 4902 1285 4986 Imp.
1315 4901 1358 4968 et
1385 4897 1599 4969 Amandone
1624 4899 1698 4968 111.

1188 5099 1275 5158 11³6.

518 5285 715 5365 lutherius
742 5285 849 5364 Rom.
878 5282 968 5382 Imp.
995 5317 1011 5352 u
1039 5293 1158 5360 castra
1187 5277 1580 5372 movens...Vercellis‚
1602 5276 1739 5356 deinde
1768 5269 1941 5356 Gamundi

439 5419 477 5486 et
504 5405 647 5486 Thurin
685 5403 853 5484 civitates
888 5399 1120 5505 pertransiit,
1155 5428 1314 5504 quarum
1357 5398 1588 5477 habitatores
1622 5395 1695 5475 sibi
1733 5393 1939 5476 rebellantes
