4096 6190
446 327 516 390 280
768 309 771 319 '
851 326 1046 392 nuonsrt
1075 325 1277 394 courroru
1306 327 1550 394 sueinotto

445 413 1191 448 —l———....-—..-....-.-
1605 441 1941 448 ....—-.——

445 457 1195 466 -.-—-.-.——....—...-......
1606 459 1942 467 .-.-.--.--

808 774 1011 842 Dcccxttt.
1043 813 1077 822 -
1106 772 1166 843 De
1195 771 1374 861 quodam
1401 773 1593 863 symone.

939 987 1027 1057 1249,
1052 989 1087 1045 15
1110 985 1140 1047 d.
1164 985 1282 1046 Martii.
1306 974 1464 1063 Lugduni.

515 1181 753 1261 Innocentius
780 1181 828 1261 tv
855 1182 900 1260 ad
931 1209 1054 1281 procus
1084 1182 1181 1261 Petri
1209 1183 1256 1261 de
1286 1182 1473 1261 Subandiu
1501 1183 1656 1283 Symoni
1693 1183 1886 1288 indulget,
1915 1203 1940 1260 ut

441 1309 587 1402 praeter
612 1298 807 1378 eoolesiam
835 1299 883 1378 de
908 1299 1082 1404 dumgio,
1110 1299 1371 1379 Gebennensis
1399 1301 1591 1390 dioecesis,
1619 1314 1657 1378 et
1683 1299 1881 1380 ecelesiam
1909 1303 1943 1381 de

442 1417 622 1498 Witteleo
645 1423 701 1518 (t)
728 1417 1005 1498 Wintoniensis
1033 1419 1225 1510 dioecesis,
1244 1445 1372 1498 turam
1395 1419 1578 1498 habentes
1599 1420 1816 1498 animarum
1843 1448 1943 1499 anne·

440 1565 534 1629 ram,
562 1536 716 1617 unioum
743 1535 843 1616 aliud
872 1537 1099 1618 beneficium
1128 1565 1214 1616 oum
1242 1537 1358 1618 simili
1387 1567 1474 1618 oura
1502 1539 1602 1618 lioite
1629 1539 1793 1618 retinere
1824 1541 1942 1619 valeat.

598 1707 761 1788 (Bononio,
784 1704 844 1770 Isso
865 1709 1023 1787 Repittres
1044 1705 1225 1770 &Interest
1246 1707 1310 1784 IV,
1334 1707 1421 1771 Tom.
1444 1707 1490 1784 11,
1514 1707 1591 1772 Doo.
1615 1711 1705 1784 4416,
1727 1730 1800 1789 pag.
1826 1711 1887 1786 5⁷).

806 2097 1003 2166 dcccxiv.
1037 2137 1068 2146 -
1097 2093 1321 2166 Anselmru
1348 2093 1397 2165 de
1425 2093 1598 2166 ntum.

1034 2307 1121 2378 1249,
1144 2323 1247 2367 menso
1266 2304 1361 2382 Majo.

515 2506 714 2586 Ansolmus
741 2506 788 2584 do
814 2504 955 2582 Brilens
984 2505 1099 2582 donut
1121 2506 1227 2582 Petro
1247 2502 1349 2581 fratri
1375 2502 1522 2581 domitis
1540 2502 1751 2582 Sabaudine
1766 2510 1830 2604 jus
1849 2506 1936 2606 quod

438 2625 601 2704 habetat
627 2625 664 2703 in
693 2623 809 2703 Podio
837 2623 885 2702 de
912 2623 1086 2710 Remum,
1114 2621 1275 2722 exeeptis
1299 2621 1448 2722 juribus
1477 2620 1515 2700 in
1546 2621 1766 2700 hominibus
1795 2637 1833 2701 et
1857 2639 1937 2701 terra

438 2743 526 2824 dicti
554 2741 722 2822 Anselmi
750 2753 851 2820 extro
878 2741 1058 2820 terminos
1086 2739 1132 2818 de
1159 2741 1334 2820 Romout.
1364 2741 1438 2818 Sed
1468 2766 1583 2843 poeno
1614 2740 1816 2840 corporalis
1843 2741 1939 2820 inili-
2006 2755 2007 2764 ’

435 2861 557 2966 gendo
577 2861 724 2955 latroni,
742 2861 931 2965 proditori,
952 2859 1175 2953 homicidae,
1203 2859 1387 2939 efl'raotori
1417 2870 1553 2938 stratae
1576 2858 1750 2961 publicae
1769 2860 1827 2939 vel
1845 2861 1937 2940 elteri

436 2981 499 3085 qui
526 3008 591 3083 pro
618 3007 686 3060 suo
714 2978 849 3059 delioto
877 2979 924 3056 ud
952 3005 1113 3081 poenam
1141 2977 1335 3083 sanguinis
1363 2979 1533 3057 damnari
1556 2978 1704 3072 debeat,
1724 2979 1771 3058 ad
1797 2980 1936 3058 Petrum
2006 2977 2007 3028 t

437 3101 494 3180 vel
521 3101 567 3179 ad
595 3099 842 3180 castellanum
879 3125 990 3178 suum
1027 3125 1094 3178 seu
1128 3098 1351 3178 advotatum
1390 3097 1437 3178 de
1473 3098 1639 3177 Romont
1664 3099 1874 3199 pertinebit.
1899 3101 1932 3178 lu

435 3225 541 3320 oujus
567 3218 621 3298 rei
641 3217 898 3299 testimonium
929 3218 1059 3296 Petrus
1088 3217 1186 3296 hono
1206 3217 1374 3296 chartam
1404 3217 1586 3298 Anselmo
1606 3217 1731 3306 tradit,
1749 3217 1934 3296 karissimo

437 3336 557 3417 amieo
584 3352 622 3417 ot
649 3335 752 3417 fideii
772 3364 851 3417 suo.

595 3507 921 3588 (Wonsrrumrnonn,
938 3505 1025 3568 Hinc.
1051 3507 1140 3567 Petri
1156 3505 1207 3579 ΙΙ,
1222 3505 1310 3583 prob.
1335 3525 1406 3583 pag.
1430 3505 1593 3579 120‚1)oo.
1618 3495 1688 3564 232.
1712 3504 1933 3583 Autogrsphnm

517 3605 706 3684 deperditum
726 3611 792 3678 θεὶς
815 3604 952 3682 exempla
974 3623 1051 3682 quse
1072 3609 1254 3682 supersunt,
1278 3622 1396 3664 aunum
1417 3619 1540 3662 uoottx
1560 3603 1713 3672 reserum
1736 3601 1936 3664 Wurstember·

517 3703 619 3778 getius
632 3702 770 3778 reposuit
791 3719 911 3774 nonve,
933 3707 962 3761 et
983 3705 1080 3774 reote3
1102 3718 1176 3761 nom
1198 3719 1281 3762 anno
1302 3717 1427 3761 uoonrx
1448 3699 1630 3788 Bonidsoius
1651 3699 1823 3761 Soboudioo
1842 3699 1934 3760 come

518 3801 594 3872 eret,
618 3797 701 3859 Petri
722 3797 806 3859 filins
827 3798 957 3874 fratris).

853 4188 1032 4255 occt'xv.
1064 4227 1097 4234 -
1127 4187 1312 4257 Juoobus
1339 4185 1389 4257 de
1416 4187 1542 4278 Alco.

673 4397 674 4404 ’
784 4399 873 4470 1249,
896 4397 943 4458 dio
965 4397 1093 4458 sabbati
1117 4415 1169 4474 per
1191 4401 1333 4458 octavam
1356 4397 1607 4461 Pentecostolom.

510 4601 701 4678 Amodeus
728 4623 856 4675 eomes
882 4596 1093 4675 Sebandiue
1128 4594 1262 4696 eooipit
1294 4595 1331 4673 in
1369 4595 1523 4699 pignore
1560 4623 1580 4674 a
1613 4597 1756 4677 Jeoobo
1783 4597 1856 4676 rino
1878 4597 1930 4671 do-

441 4717 542 4796 mino
570 4716 616 4796 de
644 4719 751 4820 Algo,
779 4715 1105 4795 consentientibus
1133 4714 1262 4815 Elyete
1291 4715 1470 4792 uxore'ot
1497 4714 1587 4793 filiis
1615 4715 1703 4808 suis,
1732 4716 1806 4794 vioe
1832 4713 1928 4792 domi·

440 4849 568 4914 natum
596 4837 642 4914 de
677 4835 772 4939 Algo
799 4849 837 4912 et
863 4833 1046 4934 quosdam
1091 4832 1275 4924 homines,
1304 4844 1342 4910 et
1382 4832 1643 4914 molendinum
1673 4833 1720 4912 do
1748 4835 1926 4927 Fontnney.

438 4956 537 5054 quod
560 4957 698 5035 'Comes
726 4952 869 5032 dimisit
897 4951 1105 5054 praedictae
1132 4949 1260 5051 Elyete
1288 4979 1353 5054 pro
1381 4953 1599 5031 neoessuriis
1620 4951 1711 5031 suis.

514 5073 661 5151 Testes:
688 5072 730 5150 N.
757 5070 884 5149 Abbas
910 5069 1156 5173 Aguunensis,
1187 5070 1223 5147 P.
1253 5071 1389 5148 Cantor
1416 5071 1585 5170 ejusdem
1615 5069 1699 5149 looi.
1719 5070 1756 5148 P.
1779 5070 1822 5147 de
1840 5068 1925 5168 Mug-

438 5188 573 5293 tignye.
600 5191 665 5270 Ro.
695 5191 740 5266 de
769 5188 872 5266 Viuo.
903 5188 939 5264 P.
970 5187 1138 5281 Vithers,
1167 5187 1293 5266 Bonus
1322 5189 1394 5266 hoo
1421 5214 1486 5290 per
1512 5186 1770 5269 villaenovae.

596 5357 638 5437 (ld
659 5356 735 5418 Ταῦ.
759 5357 792 5418 S.
816 5355 957 5418 Mauritii
977 5356 1100 5432 Agnou.
1123 5354 1318 5436 mansoripsit
1339 5355 1516 5419 Oenopione
1537 5355 1721 5435 Booonn).
