4096 6190
535 297 862 367 TESTAMENTUM
889 297 1060 364 auannl
1085 299 1133 364 lv
1169 345 1170 348 ,
1524 297 1593 366 31r

391 751 588 821 cmxxvn.
623 791 674 802 -
715 745 954 821 caecilia
990 717 1283 821 conterno.

433 965 522 1036 lnce,
545 965 584 1024 22
604 964 634 1026 d.
659 963 746 1026 Maii.
769 964 861 1044 Apud
882 963 1019 1024 Montana
1042 963 1224 1024 Maliacum.

121 1240 132 1246 Ν,
152 1161 316 1240 Thomas
343 1160 397 1239 de
418 1156 607 1240 Sobaudia
634 1186 761 1238 comes
789 1157 971 1239 Caeciliae
999 1156 1227 1246 comitissae,
1254 1155 1361 1236 uxori
1388 1155 1511 1237 fratris
1537 1156 1596 1235 sui

81 1278 237 1359 Amedei
271 1277 442 1374 comitis,
483 1277 678 1382 pollicetur
717 1305 756 1358 se
800 1279 1083 1360 observaturum
1124 1267 1368 1385 donationem
1404 1275 1593 1354 redituum

79 1411 279 1476 castrorum
311 1395 604 1478 Montismeliani
633 1408 671 1476 et
698 1396 877 1500 Rupellae
903 1395 950 1476 ab
978 1396 1146 1476 Amedeo
1174 1394 1356 1476 Caeciliae
1377 1396 1523 1474 laetam.
1563 1397 1590 1428 ⁵

235 1568 276 1647 (E
300 1568 338 1628 R.
362 1568 438 1630 Tub.
464 1568 660 1640 Taurinam,
682 1568 754 1630 Ino.
776 1568 859 1630 Duc.
883 1567 970 1640 cau,
995 1566 1086 1628 Fuso.
1111 1564 1181 1640 XV,
1203 1585 1237 1627 n.
1261 1568 1304 1644 1).

308 1977 524 2047 cuxxvlu.
563 2017 612 2027 -
648 1975 862 2049 madeus
888 1977 961 2048 1v.
989 1977 1146 2050 Domus
1170 1978 1365 2070 Burssetl.

357 2189 446 2261 1253,
469 2191 506 2250 29
527 2188 558 2251 d.
582 2189 670 2252 Maii.
693 2189 766 2251 Ind.
789 2209 827 2251 11.
851 2190 944 2270 Apud
964 2190 1103 2252 Mentem
1124 2191 1307 2253 Maliacum.

149 2388 340 2470 Amedeus
368 2416 495 2470 comes
523 2389 736 2471 Sabaudiae
763 2402 801 2470 et
827 2391 866 2471 in
895 2390 1003 2470 ltalia
1026 2390 1196 2470 marchio
1214 2389 1346 2472 domui
1368 2389 1416 2470 de
1433 2389 1594 2493 Burgeto

78 2510 193 2588 donat
219 2508 469 2589 retentionem
498 2507 587 2590 salis
614 2509 652 2590 in
681 2509 840 2613 coquina
870 2524 908 2588 et
939 2509 977 2588 in
1006 2537 1138 2589 mensa
1169 2516 1262 2610 ejus,
1291 2537 1403 2614 quam
1433 2506 1505 2590 sibi
1534 2537 1592 2606 re·

79 2642 299 2708 servaverat.

153 2751 301 2828 Testes:
328 2748 518 2827 Amcdeus
547 2747 849 2828 Mauriennensis
877 2749 1083 2850 episcopus,
1106 2749 1146 2828 R.
1168 2747 1285 2828 abbas
1312 2749 1595 2840 Altaeoumbae,

75 2868 241 2948 lacobus
268 2867 385 2947 abbas
414 2867 607 2956 Stamedii‚
636 2867 868 2946 Humbertus
887 2883 924 2946 et
943 2867 1170 2946 Genterinus
1190 2867 1237 2946 da
1255 2859 1431 2970 Seysello
1452 2869 1594 2960 fratres

75 2985 298 3090 Rodulphus
326 2986 372 3066 de
399 2987 548 3066 Genera
577 3012 714 3074 comes,
743 2986 928 3064 Rostenns
956 2986 1003 3064 de
1029 2985 1259 3088 Ruppeccla‚
1286 2985 1418 3066 Petrus
1446 2985 1594 3082 Molars,

74 3104 295 3186 Willelmus
341 3106 543 3200 Morascal‚
589 3105 711 3185 Guido
754 3105 801 3184 de
845 3104 1078 3207 Ruppecula,
1119 3105 1198 3209 Ugo
1238 3105 1284 3183 de
1326 3104 1517 3184 Monciaco
1558 3118 1595 3184 et

73 3221 200 3324 plures
227 3224 301 3304 alii.

233 3395 275 3474 (Ε
296 3394 374 3456 Tab.
398 3395 486 3456 Eccl.
509 3394 647 3472 Burgeti.
671 3393 881 3465 Goronuuou,
903 3393 990 3456 flua.
1019 3394 1096 3456 Gen.
1118 3393 1268 3465 buccea,
1291 3411 1363 3470 pag.
1386 3393 1449 3472 63).

360 3807 541 3873 cdlxxix.
579 3841 630 3853 —
670 3803 986 3873 Testamentum
1019 3799 1200 3870 Amcdol
1233 3800 1306 3872 IV.

444 4016 532 4087 1253,
555 4017 593 4074 24
615 4013 645 4075 d.
669 4013 756 4074 Maii.
779 4013 870 4090 Apud
892 4011 1030 4074 Montam
1051 4012 1221 4072 Melicnum

660 4145 694 4204 in
716 4145 843 4206 Comaru
865 4143 1005 4204 Comitis.

146 4347 340 4426 Amedeus
376 4372 503 4426 comes
540 4344 751 4424 Sabaudiae
783 4342 962 4424 heredem
997 4343 1248 4424 universalem
1282 4344 1446 4424 instituit
1477 4346 1594 4427 Boni-

68 4463 210 4545 laoium
230 4463 355 4544 filium
374 4492 499 4561 suum,
519 4464 591 4544 sub
610 4462 726 4543 tutela
747 4462 913 4542 Thomae
941 4462 1099 4542 comitis.
1128 4462 1167 4542 Si
1195 4462 1411 4543 Bonifacius
1438 4464 1594 4544 decedet

67 4585 152 4664 sine
179 4582 269 4665 filiis
296 4583 485 4672 masculis,
513 4582 567 4663 illi
598 4583 761 4662 Thomas
788 4608 916 4661 comes
935 4581 1120 4661 succedat.
1150 4581 1316 4661 Heredes
1353 4581 1593 4684 particulares

66 4701 266 4784 constituit
292 4703 498 4784 Beatricem
520 4701 832 4782 marchionissam
855 4700 1086 4782 Salutiarum
1113 4713 1151 4780 et
1178 4701 1455 4806 Margheretam
1483 4703 1591 4783 Mon·

68 4822 259 4903 tislerrati.
287 4824 404 4930 Legat
431 4822 613 4902 Caeciliae
647 4821 861 4901 comitissae
888 4833 1050 4900 castrum
1085 4819 1224 4900 Montis
1259 4819 1409 4900 Molioni
1438 4821 1483 4900 ad
1512 4820 1592 4902 dies

67 4943 167 5022 vitae
205 4949 298 5044 eJus.
333 4941 446 5047 Eligit
480 4940 671 5022 tumulum
712 4969 823 5021 suurn
858 4938 1126 5020 Altaecumliae
1157 4951 1195 5019 et
1230 4938 1400 5041 pluribus
1435 4939 1590 5022 aedibus

66 5061 211 5144 sanctis
240 5061 360 5167 legate
388 5061 563 5141 destinat.

232 5231 273 5312 (Ε
294 5233 334 5292 Β.
357 5231 435 5294 ch.
459 5231 654 5303 Taurinonsi,
680 5232 817 5303 Tectum.
838 5231 984 5310 Princeps·
1004 5231 1039 5292 ut
1060 5230 1190 5304 amoto,
1213 5228 1304 5294 Fuso.
1320 5229 1356 5329 ΙΙ,
1378 5250 1412 5293 n.
1435 5234 1479 5309 6).
1532 5287 1545 5300 ,.
1568 5291 1571 5296 .
