4050 6188
438 326 514 392 224
850 327 1048 395 undussa
1076 327 1279 396 contudit
1307 326 1553 395 sassauotan

601 691 767 761 DOXXII.
795 731 827 744 -
858 692 919 764 De
947 689 1156 768 electione
1183 689 1381 782 litigioso
1407 689 1597 779 Philippi
1625 689 1676 763 616
1704 691 1799 772 666.

1017 888 1105 962 1240,
1129 890 1165 948 61
1188 887 1219 947 d.
1242 887 1386 965 Augusti.

513 1067 676 1150 Litterae
703 1068 848 1150 abbatis
875 1083 913 1150 et
939 1066 1071 1172 prioris
1098 1067 1372 1150 Athauaoeusis
1399 1081 1438 1149 et
1463 1069 1639 1150 sacristae
1667 1072 1701 1151 S.
1731 1072 1831 1152 Pauli
1856 1074 1928 1176 Lug·
1992 1073 1993 1120 i

437 1189 619 1270 dunensis
648 1190 776 1270 abbati
805 1191 839 1271 S.
868 1187 1032 1270 Mauritii
1060 1189 1098 1268 in
1118 1189 1285 1294 agauno.
1308 1189 1547 1270 Transmittit
1564 1191 1682 1272 Breve
1709 1189 1870 1296 Gregorii
1892 1194 1929 1272 ll
1992 1213 1993 1216 ’

438 1310 478 1391 P.
505 1311 552 1388 M.
569 1310 616 1389 de
643 1308 828 1389 electione
857 1307 1017 1412 litigiosa
1044 1309 1204 1389 duorum
1235 1306 1495 1411 episcoporum
1525 1309 1859 1399 Lausannensium,
1881 1313 1931 1390 sci·
1992 1315 1993 1406 J

437 1429 524 1508 licet
549 1429 712 1532 Philippi
742 1429 787 1508 de
815 1427 1004 1509 Sabaudia
1031 1439 1069 1508 at
1093 1427 1281 1508 lobannis
1300 1428 1347 1508 de
1368 1431 1569 1533 Cossonay‚
1596 1429 1709 1534 eique
1731 1429 1932 1525 mandatu

437 1548 526 1630 citat
551 1576 675 1628 coram
707 1548 887 1654 delegatis
916 1549 1036 1653 Papae
1064 1548 1158 1628 duos
1187 1547 1334 1628 Electos
1363 1550 1648 1629 Lausannenses

598 1700 637 1780 (E
660 1699 768 1762 chart.
790 1700 1024 1773 Lousonnansi,
1046 1700 1351 1775 Vunarusauccn,
1375 1701 1467 1762 Petri
1487 1701 1534 1762 ΙΙ
1552 1701 1640 1762 Hiar.
1664 1700 1780 1774 Pron,
1803 1719 1868 1779 pag.
1887 1702 1932 1772 66,

520 1799 598 1859 Duo.
622 1801 704 1878 161).

584 2107 766 2176 DOXXIII.
795 2145 831 2156 -
859 2106 921 2177 Da
947 2060 1381 2176 excommunicatione
1410 2103 1619 2176 historici
1645 2107 1689 2178 11
1715 2105 1812 2195 tmp.

887 2305 974 2378 1240,
997 2306 1035 2364 16
1056 2301 1086 2364 d.
1109 2301 1308 2383 Septembris.
1331 2304 1503 2382 Anagniae.

515 2484 716 2590 Gregorius
736 2485 788 2565 IX
814 2485 852 2563 P.
872 2486 921 2563 M.
950 2482 1166 2562 Amedeum
1194 2483 1373 2564 comitem
1393 2483 1605 2566 Sabaudiae
1624 2496 1662 2565 et
1679 2486 1870 2566 universos
1885 2484 1934 2588 qui

442 2603 632 2686 llriderico
660 2604 696 2684 ll
724 2604 823 2683 dicto
850 2603 1064 2707 imperatori
1095 2609 1311 2705 juramento
1347 2602 1541 2684 fidelitatis
1575 2617 1752 2684 tenentur
1779 2603 1934 2696 adstricti,

441 2721 489 2810 ab
516 2724 685 2824 ejusdem
717 2722 975 2802 observatione
1003 2721 1173 2816 absolvit,
1202 2723 1290 2824 quia
1317 2723 1663 2809 excommunicatus
1690 2737 1757 2803 est.

599 2876 641 2958 (6
664 2876 703 2937 a.
727 2877 803 2938 rau.
826 2875 1019 2939 66666666.
1043 2876 1127 2937 un.
1151 2840 1239 2938 666.
1261 2875 1354 2944 Pur.
1378 2875 1486 2944 0666.
1509 2878 1537 2956 1,
1561 2877 1622 2940 001.
1646 2877 1748 2956 roae).

709 3195 882 3263 ccxxlv.
912 3236 948 3244 —
976 3193 1037 3264 De
1065 3192 1272 3264 6166116οο
1299 3190 1490 3280 Philippi
1518 3189 1568 3262 616
1596 3189 1691 3300 666.

921 3391 1009 3464 1240,
1033 3394 1071 3452 26
1091 3390 1121 3450 d.
1146 3388 1299 3450 Octobris.
1323 3387 1486 3451 Gebanmc

517 3574 678 3654 Litterae
706 3572 851 3655 abbatis
878 3573 1153 3654 Athanacensis
1181 3587 1218 3653 et
1244 3573 1402 3654 aliorum
1434 3574 1690 3676 delegatorum
1720 3573 1768 3654 ad
1795 3573 1936 3677 priorem

441 3695 487 3774 de
513 3694 678 3774 Valunes
705 3695 751 3772 de
780 3692 961 3772 electione
990 3692 1151 3798 litigiosa
1177 3693 1339 3798 Philippi
1370 3694 1417 3772 de
1439 3692 1626 3774 Sabaudia
1646 3692 1851 3798 primicerii
1876 3692 1935 3770 lle·
1992 3723 1993 3726 ¹

443 3814 558 3894 tensis
595 3825 633 3893 et
665 3813 849 3894 lobannis
889 3812 1081 3916 quondam
1110 3815 1279 3894 Cantoris
1312 3813 1349 3892 in
1379 3813 1467 3893 sede
1494 3811 1765 3893 Lausanuensi.
1788 3814 1936 3894 Citantur

442 3932 551 4016 electi
579 3945 617 4012 ot
643 3932 768 4036 plures
795 3932 965 4012 canonici
995 3946 1032 4011 ot
1058 3931 1142 4012 laici
1171 3933 1231 4012 die
1258 3962 1305 4010 xn
1333 3931 1475 4013 mensis
1509 3930 1746 4026 novembris,
1775 3947 1818 4012 ut
1847 3929 1935 4010 testi-

442 4054 613 4134 monium
643 4053 735 4132 dent
762 4052 907 4133 veritati
941 4080 1054 4156 super
1082 4052 1139 4140 iis,
1167 4079 1263 4156 quae
1291 4053 1337 4132 de
1373 4051 1460 4145 illic,
1487 4050 1708 4131 6001601616
1744 4050 1937 4156 apostolica,
1992 4135 1993 4138 Ἴ

443 4171 692 4274 inquirantur.

601 4325 645 4404 (E
668 4325 811 4388 Ohartul.
827 4326 1054 4398 Leusonnansi,
1078 4327 1391 4399 Wunsrcununcua,
1412 4327 1501 4388 Petri
1520 4326 1567 4387 Π
1584 4325 1671 4388 Hoc.
1689 4325 1798 4400 Pron,
1814 4343 1882 4405 pag.
1901 4321 1937 4389 67,-

523 4423 600 4484 Doc.
626 4425 708 4503 132).

668 4729 823 4797 DOXXV.
853 4768 889 4778 -
916 4725 1130 4796 Amadoco
1156 4726 1216 4798 1v
1243 4726 1426 4797 12660666
1453 4721 1582 4795 fratri
1609 4723 1738 4797 donst

850 4865 1109 4937 comitatum
1137 4865 1181 4932 et
1208 4861 1558 4933 Harchionatum.

874 5061 962 5135 1240,
986 5061 1003 5118 4
1026 5059 1215 5122 Novembris.
1240 5059 1331 5140 Apud
1353 5059 1527 5138 Saguaium.

516 5247 706 5330 Amedeus
733 5197 861 5326 comes
890 5244 1100 5326 Sabaudiae
1129 5260 1166 5324 et
1199 5245 1365 5324 marchio
1394 5243 1431 5323 in
1461 5241 1565 5322 ltalia
1600 5242 1842 5324 donationem
1869 5235 1936 5320 lacit

443 5367 622 5462 Thomas,
650 5365 848 5450 Flandriaa
876 5364 1024 5455 comiti,
1053 5363 1154 5444 fratri
1184 5393 1270 5461 suo,
1300 5392 1384 5444 casu
1415 5391 1488 5466 qno
1515 5361 1715 5445 decederet
1742 5363 1819 5466 ipse
1844 5361 1937 5447 Arne·
