4070 6186
404 314 472 378 128
803 311 998 379 andasta
1026 313 1230 381 OOMITUM
1258 314 1502 383 statumen

653 552 759 631 Tunc
784 578 869 630 cum
899 550 1050 656 Segusis
1078 552 1189 632 Cesar
1214 578 1279 655 pro
1310 552 1467 632 crimine
1494 551 1586 634 lusit

653 669 802 751 Civibus
830 670 1003 764 exclusis,
1032 671 1283 775 domibusque
1312 671 1500 774 rebusque
1527 670 1689 754 caducis.

751 789 891 869 lctibus
919 789 1057 894 argutis
1084 816 1125 868 os
1151 791 1246 892 perit
1273 803 1383 895 atque
1411 791 1516 872 cutis.

651 952 738 1033 Sola
765 952 900 1032 domus
927 953 1083 1034 Comitis
1111 964 1213 1033 stans
1241 953 1397 1059 integra,
1425 965 1548 1034 cetera
1576 954 1728 1058 planxit.

650 1072 727 1150 Rex
753 1071 837 1175 pius
864 1070 936 1151 hoc
962 1069 1105 1170 sanxit3
1135 1072 1270 1152 domus
1298 1071 1538 1153 incombusta
1564 1074 1757 1154 remansit.

752 1191 866 1292 Cujus
895 1203 994 1270 tutor
1021 1219 1101 1296 ego,
1128 1191 1191 1294 qui
1220 1219 1303 1271 mea
1332 1203 1449 1272 metra
1478 1192 1570 1300 lego.

652 1353 757 1431 Tunc
782 1379 912 1457 regum
942 1353 1109 1458 genetrix
1138 1354 1241 1434 venit
1267 1353 1397 1460 regina
1423 1355 1582 1436 Beatrix.
1601 1415 1607 1428 .
1626 1419 1644 1446 .‚

649 1471 793 1552 Gaudia
819 1471 973 1577 reginae
1001 1484 1090 1552 sunt
1116 1501 1207 1575 quas
1235 1473 1336 1554 videt
1364 1473 1441 1576 ipsa
1467 1474 1588 1571 ruina,

750 1592 829 1685 Que
857 1591 996 1696 Segusa
1024 1591 1106 1680 fuit,
1133 1604 1211 1672 tota
1238 1606 1388 1696 peruste
1413 1594 1498 1674 ruit.

557 1744 753 1826 (Gorrrnnnr
775 1744 1016 1818 Vrrnaannsm,
1053 1744 1144 1807 Gesta
1180 1745 1355 1820 Friderioi,
1378 1766 1407 1809 v.
1437 1748 1505 1809 862.
1537 1748 1672 1824 Parere„
1702 1749 1749 1810 Μ.
1782 1748 1817 1812 G.
1842 1747 1887 1816 H..

477 1840 588 1920 Script.
611 1841 689 1915 XII,
711 1862 742 1922 p.
766 1844 849 1922 tet).

491 2136 606 2205 OOGL.
638 2173 671 2184 -
700 2133 819 2206 Arte.
850 2132 1008 2223 Quinta
1037 2131 1247 2204 rridcrtcl
1273 2135 1294 2202 1
1321 2097 1535 2218 expeditio
1564 2131 1607 2200 in
1634 2131 1817 2202 Italiam.

1111 2332 1198 2391 1174.

603 2544 621 2586 «
649 2512 747 2592 Civis
775 2525 816 2591 ut
844 2510 1013 2592 Astcnsis
1040 2511 1112 2591 sibi
1141 2510 1287 2601 circiter
1312 2518 1458 2614 agmina
1488 2507 1615 2598 sensit,

648 2632 802 2712 Obtinet
828 2630 1019 2734 impensio,
1050 2657 1096 2710 ne
1124 2629 1268 2711 Cesaris
1297 2628 1414 2708 irruat
1440 2627 1560 2724 ensis;

648 2750 787 2832 Ordine
810 2757 967 2852 juratur,
996 2750 1112 2854 gratia
1140 2749 1249 2851 plena
1276 2748 1394 2828 datur.
1424 2781 1440 2817 »

533 2895 1298 2997 ¹(Gor1nann1Vrrannuns1s,Gesthriderici.
1323 2903 1444 2975 Pranrz,
1469 2902 1514 2963 M.
1542 2902 1579 2965 θ.
1609 2902 1653 2963 Η.
1687 2900 1774 2963 Tam.
1797 2897 1891 2966 xxa,

474 3021 546 3082 pag.
570 3003 652 3080 826).

589 3291 721 3359 occul.
752 3330 787 3340 —
817 3286 1052 3360 Goncordie
1079 3285 1351 3359 Montlsbclli.
1382 3287 1607 3361 umbertus
1632 3288 1707 3359 111.

500 3487 587 3559 1175,
611 3488 649 3547 16
668 3484 797 3566 Aprilis.
821 3482 892 3546 Ind.
916 3502 992 3542 vrn.
1017 3483 1080 3545 Sub
1102 3485 1203 3545 castro
1224 3483 1422 3560 Montisbelli,
1446 3485 1479 3544 in
1500 3484 1655 3546 territorio
1677 3483 1804 3564 Papiae.

467 3667 671 3749 Concordia
700 3667 797 3746 inter
825 3665 1047 3745 dedericum
1077 3667 1093 3745 l
1121 3666 1399 3768 imperatorem,
1429 3678 1466 3744 et
1484 3666 1730 3759 Lombordos,
1759 3678 1796 3748 et
1814 3668 1894 3746 blar-

394 3789 550 3870 chianos
577 3803 615 3869 et
640 3789 804 3866 Venetos
832 3799 943 3888 etque
970 3786 1192 3865 Romaniam
1213 3798 1252 3864 et
1268 3812 1425 3865 omnem
1447 3812 1579 3865 eorum
1598 3785 1825 3866 societatem.
1843 3786 1892 3864 ln·

393 3909 603 3990 terluerunt
629 3905 846 3988 Colonensis
873 3905 1173 4007 archiepiscopus
1202 3905 1314 3983 frater
1342 3903 1594 4007 imperatorie,
1622 3931 1749 3984 eomas
1776 3901 1893 3984 Saroio

392 4033 615 4129 (ombertus
630 4033 684 4106 Ill
694 4036 718 4122 l,
732 4027 890 4105 Enricus
905 4023 1085 4104 Guercins
1101 4022 1343 4103 cancellarius
1360 4023 1594 4126 imperatoris
1610 4038 1675 4104 eto.

467 4147 535 4228 Die
562 4176 620 4226 xvi
639 4144 854 4250 (tepxtdl)
874 4152 1034 4223 exeunte
1061 4141 1176 4243 aprili,
1205 4142 1300 4223 lacta
1328 4156 1366 4221 et
1387 4149 1511 4244 jurata
1530 4155 1659 4247 tregua
1680 4144 1719 4222 in
1742 4139 1892 4247 personis

392 4279 430 4348 et
447 4267 558 4348 rebus
577 4264 928 4346 Alexandrinorum.
948 4263 1028 4341 Hoc
1042 4261 1183 4363 juravit
1201 4262 1368 4341 marchio
1388 4261 1602 4342 Gulielmus
1628 4257 1891 4348 Montislerrati

391 4385 547 4468 Enricus
565 4384 757 4472 oneratus,
787 4382 946 4462 Ubartus
965 4382 1011 4461 de
1034 4382 1154 4461 lncisa
1174 4395 1241 4461 etc.
1262 4383 1308 4461 bt
1337 4381 1376 4461 in
1403 4381 1613 4494 praesentia
1641 4376 1891 4485 archiepiscopi

392 4504 625 4589 Coloniensis
653 4516 691 4584 et
714 4501 951 4582 Treverensis
971 4500 1251 4604 archiepiscopi,
1279 4500 1426 4580 comitis
1450 4499 1577 4580 Uberti
1598 4501 1643 4578 de
1665 4502 1793 4602 Savoja
1821 4513 1891 4588 etc,
1941 4563 1946 4574 .

392 4626 593 4729 imperator
618 4623 705 4703 lecit
731 4649 871 4726 pacem,
899 4621 1028 4701 osculo
1057 4622 1341 4714 interveniente,
1374 4620 1528 4699 domino
1556 4619 1732 4698 Eccelino
1766 4633 1802 4698 et
1825 4618 1890 4698 nn-

396 4745 515 4827 selmo
541 4743 709 4825 bovaria.

466 4864 623 4945 linricus
651 4862 829 4942 Guercius
858 4860 946 4940 lecit
972 4859 1213 4939 securitatem
1242 4886 1307 4962 per
1335 4885 1490 4937 manum
1519 4870 1557 4937 et
1584 4865 1777 4951 osculum,
1804 4849 1889 4957 quod

393 4982 592 5065 Fodericus
611 4993 779 5088 treguam
798 4978 943 5060 tenebit
961 5006 1049 5059 cum
1072 4977 1338 5058 Alexandrinis
1357 4977 1536 5078 usquead
1558 4976 1727 5056 medium
1739 4973 1885 5076 junium.

391 5105 493 5184 ldem
522 5101 610 5181 lecit
635 5128 760 5182 comes
788 5101 932 5201 Savoje‚
960 5099 1232 5202 promittentes,
1259 5097 1289 5178 si
1319 5125 1394 5176 non
1416 5096 1580 5176 tenuerit
1608 5095 1816 5198 imperator,
1835 5117 1887 5168 vr·

389 5223 468 5303 nire
495 5233 532 5302 et
558 5222 706 5302 mittere
725 5248 764 5300 se
784 5221 823 5300 iu
842 5245 1029 5299 carcerem
1046 5218 1092 5297 ad
1112 5217 1302 5297 Vercellas
1321 5217 1360 5296 in
1385 5228 1564 5319 potestate
1592 5214 1889 5295 bombardorum.

547 5372 751 5455 (Munarorn,
775 5372 883 5450 Actio.
906 5371 985 5434 Ital.
1003 5369 1105 5432 Medii
1126 5369 1219 5430 Aeol.
1242 5368 1329 5430 Tom.
1351 5369 1409 5441 IV,
1426 5369 1483 5429 col.
1500 5367 1570 5438 275,
1588 5365 1719 5429 Dissert.
1737 5359 1886 5432 xnvnli.
