4198 6190
764 363 1000 432 UMBessrUS
1030 365 1044 429 l

159 472 677 482 u—-u--a-ffi-
684 475 706 480 -

159 490 708 500 ——m

151 811 269 880 LVIII.
298 850 332 860 —
353 807 585 883 Guilelmus
602 811 666 882 111
684 809 952 883 moravensi·
969 813 1100 883 Leoni
1118 813 1380 886 Veroellenui
1406 814 1602 903 episeopo
1623 817 1664 889 Β.

858 1009 933 1068 1025
945 1007 958 1066 i

234 1221 249 1258 «
277 1187 467 1286 Quantum
497 1186 534 1266 in
563 1185 652 1290 ipsis
680 1191 972 1292 (Lonpoberdr's)
1000 1188 1082 1278 luit,
1109 1201 1257 1292 partum
1286 1203 1365 1269 eret
1392 1189 1485 1272 mihi
1504 1219 1664 1297 regnum

153 1305 295 1400 ltaliae,
322 1307 353 1385 si
381 1334 498 1385 unum
529 1305 650 1384 fecere
678 1306 879 1386 voluissem
900 1307 1000 1410 quod
1023 1308 1125 1388 nefas
1140 1308 1316 1410 judicavi.
1334 1369 1365 1384 ..
1400 1311 1481 1390 Non
1503 1311 1666 1390 laudavit

151 1423 246 1504 mihi
273 1425 372 1503 hane
401 1423 685 1527 vituperabilem
716 1425 971 1506 conditionem
1000 1428 1164 1529 prudens
1201 1427 1368 1508 marchio
1402 1430 1667 1534 Magnilredus,

152 1571 221 1622 nec
248 1544 360 1623 frater
387 1550 467 1644 ejus
495 1544 642 1624 Alrieus
670 1543 1257 1649 bonusepiseop1.rs‚quossupre
1278 1575 1410 1627 omnes
1429 1549 1541 1628 Italas
1561 1577 1665 1650 prae-

150 1662 343 1742 stantioris
370 1662 523 1764 ingenii,
552 1662 651 1752 fidei,
680 1663 858 1742 bonitatis
887 1691 967 1743 esse
995 1681 1182 1744 censeo'r.

313 1832 427 1912 <epist
454 1832 592 1894 Fulberti
614 1833 689 1912 epis.
713 1832 751 1892 R.
777 1833 814 1892 G.
837 1837 867 1894 el
889 1834 926 1894 F.
951 1833 1078 1912 strips,
1102 1835 1191 1897 Tom.
1213 1835 1270 1912 IV,
1295 1839 1352 1899 loo.
1376 1841 1456 1919 eit).

296 2229 380 2296 mx.
408 2265 457 2276 -
485 2225 708 2298 umbertus
735 2226 768 2310 1,
794 2223 1033 2295 Brooarduu
1060 2222 1171 2314 Aug.
1199 2221 1314 2308 opis,
1342 2222 1525 2294 rrootuu.

443 2440 530 2510 1025,
546 2435 604 2498 die.
621 2437 779 2511 Mercurii,
797 2439 833 2498 18
855 2436 1000 2500 Novemb.
1023 2437 1064 2497 In
1079 2437 1221 2514 Auguste
1236 2436 1373 2498 civitate.

230 2635 484 2719 Commutatio
518 2639 703 2718 bonorum
742 2638 839 2717 inter
873 2637 1102 2717 Brorerdum
1140 2635 1355 2738 episcopum
1384 2636 1664 2737 Augustensem

153 2773 190 2838 et
217 2757 403 2838 Freeium.
425 2759 577 2836 Donant
604 2757 752 2835 donnus
779 2757 941 2835 Ubertus
970 2781 1096 2835 comes
1123 2769 1160 2834 et
1185 2754 1392 2833 Broeardus
1413 2753 1501 2856 epis.
1522 2781 1543 2833 a
1562 2765 1664 2857 parte
1690 2827 1693 2834 .

152 2877 273 2958 Frecii
310 2877 347 2957 in
376 2888 481 2956 sexto
508 2901 683 2978 eampum
712 2875 758 2953 de
786 2889 881 2954 terra
909 2877 945 2954 S.
971 2873 1158 2954 lobannis
1186 2886 1224 2952 et
1250 2874 1297 2952 de
1325 2873 1503 2953 comitatu
1513 2905 1524 2970 3
1551 2874 1667 2953 donet

153 2999 309 3077 Freeius
348 3025 369 3076 a
408 3006 510 3098 parte
548 2996 584 3074 S.
623 2993 810 3074 lobannis
852 2997 949 3073 et'a
988 2993 1169 3073 comitatu
1209 2993 1248 3072 in
1289 2992 1433 3073 Verrio
1477 3019 1666 3097 eampum.

229 3117 263 3196 S.
299 3115 447 3196 donnus
467 3115 670 3194 Umbertus
688 3140 814 3193 eomes
834 3113 896 3214 qui
916 3111 1015 3193 hane
1033 3109 1366 3191 commutationem
1388 3109 1475 3190 lecit
1494 3122 1532 3192 et
1551 3139 1666 3192 manu

150 3264 217 3316 sua
246 3234 417 3315 firmavit.
445 3236 481 3313 S.
500 3221 738 3312 Broehardus
766 3231 959 3334 episeopus
987 3243 1053 3310 ete.
1074 3231 1180 3310 Dodo
1208 3230 1390 3333 presbiter
1416 3230 1565 3335 scripsit
1588 3239 1665 3310 vioe

156 3353 358 3434 Mannonis
385 3350 607 3432 cancellarii.
1326 3452 1334 3465 .

228 3473 422 3576 Regnente
450 3471 613 3551 Rorlull'o
640 3498 727 3578 rege
754 3498 854 3549 anno
869 3497 972 3548 xxm.
993 3469 1073 3549 lnd.
1094 3468 1240 3568 V(!ncl.
1260 3472 1468 3556 merulam·
1488 3472 1554 3572 lep.
1574 3473 1655 3566 vrri).

315 3641 521 3722 (Gerounion
542 3639 695 3714 mendoso,
719 3639 805 3700 Her.
834 3640 907 3702 Gen.
931 3637 1078 3711 Proui-er,
1095 3656 1166 3716 pag.
1189 3638 1224 3696 4:
1248 3637 1293 3698 M.
1310 3637 1354 3698 H.
1372 3637 1409 3696 P.
1434 3637 1531 3698 Ohsrt
1546 3637 1596 3708 II;
1619 3657 1663 3698 re·

232 3739 353 3802 sensuit
373 3739 518 3802 Bomrr
539 3758 555 3800 e
577 3737 740 3799 Obartsrio
761 3735 831 3798 abb.
848 3736 880 3798 8.
898 3733 1050 3808 Mauritii,
1068 3735 1101 3795 in
1118 3734 1156 3794 R.
1174 3733 1343 3795 Tabulerio
1358 3736 1544 3814 adservato).

315 4129 383 4195 LX.
401 4167 451 4178 -
477 4126 703 4199 umbertus
729 4129 749 4200 1
777 4131 820 4198 et
846 4123 927 4198 filii
955 4129 1057 4217 ejus.
1086 4127 1199 4201 2001.
1227 4130 1268 4202 8.
1297 4129 1508 4202 Germani.

748 4339 820 4402 Sine
842 4359 925 4400 enno
947 4343 976 4401 et
998 4341 1075 4402 loeo.

228 4537 432 4619 Umbertus
460 4539 608 4632 Comes,
634 4538 834 4628 Amedeus.
861 4537 981 4640 Aymo
1008 4549 1046 4616 et
1072 4537 1177 4618 Oddo
1204 4537 1276 4618 filii
1302 4545 1383 4641 ejus
1409 4539 1552 4621 donant
1579 4569 1666 4621 mo·

151 4657 317 4738 nesterio
343 4656 532 4750 Cluuiano,
562 4655 625 4738 ubi
655 4668 776 4760 praest
801 4655 927 4736 Abbas
956 4656 1076 4750 Odil0,
1105 4655 1245 4760 aliquid
1279 4691 1295 4730 l
1323 4658 1369 4738 de
1398 4673 1524 4740 nostra
1552 4662 1667 4742 here-

149 4778 267 4859 ditate
295 4809 311 4848 n
346 4776 520 4857 videlieet
545 4776 743 4857 eeclesiam
771 4776 807 4855 S.
836 4775 1013 4855 Germani
1041 4775 1152 4856 sitam
1180 4803 1291 4879 super
1317 4778 1483 4858 Mentem
1514 4779 1665 4875 Munni,

149 4897 345 4979 desertum
374 4895 411 4976 in
446 4897 561 4977 latere
595 4895 765 4996 ejusdem
803 4894 1006 4976 montisel
1040 4901 1076 4973 in
1111 4894 1253 4976 Combe
1278 4896 1479 4995 Dominici,
1508 4910 1546 4976 et
1572 4899 1666 4980 duos

149 5041 305 5096 mensos
332 5015 371 5096 in
398 5042 491 5120 pago
509 5013 721 5106 bellicensi,
741 5013 835 5094 duos
854 5039 1006 5093 mansos
1024 5013 1064 5092 in
1082 5013 1290 5095 Maltacena
1310 5015 1357 5094 ad
1377 5016 1542 5096 redicem
1564 5044 1667 5099 mon·

149 5134 213 5231 tis,
240 5133 394 5214 tertium
422 5160 597 5214 mansum
627 5132 666 5212 in
694 5131 767 5213 alio
795 5131 877 5213 loco
904 5145 942 5212 et
968 5131 1008 5211 in
1036 5132 1167 5212 eadem
1196 5131 1414 5213 Maltaeene.

229 5253 265 5334 S.
293 5253 475 5339 umberti,
503 5251 538 5333 S.
567 5251 735 5342 Amedei,
763 5251 800 5332 S.
827 5251 1021 5355 Aymonis,
1051 5251 1087 5330 S.
1113 5250 1291 5333 Oddonis.

420 5423 459 5506 (E
481 5423 557 5485 Ταῦ.
580 5422 679 5484 Prior.
702 5421 843 5500 Burgeti.
867 5422 1076 5497 Gurcrmrom
1098 5422 1247 5496 Propera,
1269 5441 1341 5501 pag.
1364 5425 1408 5502 5).
