4050 6188
582 392 780 460 MARCHIO
809 390 1089 460 SALUTIARUM

425 760 597 830 CDLXXI.
628 801 662 812 -
690 760 848 832 Domus
874 756 925 828 dc
952 756 1076 829 Bella
1102 755 1241 828 Valle.

671 957 745 1021 Sina
766 975 849 1020 auno
870 959 900 1018 at
921 955 999 1018 loco.

151 1144 314 1225 Thomas
349 1141 649 1223 Macriannensis
692 1167 817 1220 comes
863 1138 1106 1220 donationem
1152 1141 1353 1221 confirmat
1396 1140 1589 1242 cujusdam

83 1264 221 1361 vineae,
242 1291 354 1366 quam
373 1260 549 1343 Giraldus
568 1260 614 1341 de
633 1262 827 1364 Margenet
844 1259 998 1340 dederat
1017 1260 1154 1339 Domui
1172 1259 1219 1339 de
1237 1259 1342 1339 Bella
1360 1257 1475 1339 Valle.

234 1417 287 1498 (Iu.
309 1416 509 1487 Maarsares,
531 1413 639 1477 Notion
658 1431 715 1474 aar
736 1414 768 1473 lu
791 1412 977 1476 clamem
999 1413 1037 1474 dc
1057 1413 1179 1474 Vellera.
1200 1414 1236 1474 V.
1253 1413 1416 1474 Mdrwlrea
1431 1413 1469 1475 dc
1484 1413 1592 1475 l’Aco·

156 1513 255 1576 Mne
276 1515 318 1577 R.
340 1514 378 1576 de
400 1513 525 1588 Sarma,
548 1510 632 1575 Seria
652 1510 699 1586 11,
722 1509 786 1573 rol.
810 1513 841 1583 2,
861 1528 932 1589 pag.
955 1511 1039 1588 304).

384 1823 575 1892 cnuxxu.
605 1861 639 1870 —
669 1819 807 1913 (luigo
835 1822 879 1891 et
907 1820 1086 1891 obortu·
1112 1819 1289 1891 Aurius.

129 2020 218 2091 1223,
241 2020 278 2078 23
301 2017 457 2080 lanuarii.
479 2017 551 2080 Iud.
575 2035 624 2077 ιι.
646 2017 738 2095 Apud
759 2016 918 2080 Secusiam
939 2015 973 2077 in
994 2017 1085 2079 domo
1106 2016 1192 2079 Patri
1212 2016 1450 2079 Bartholomais.

150 2201 315 2282 Thomas
347 2227 474 2281 comes
505 2197 717 2280 Sabandiae
751 2211 790 2278 et
819 2197 986 2278 marchio
1015 2200 1054 2278 in
1082 2197 1188 2278 ltalia
1206 2197 1379 2279 concedit
1398 2199 1435 2277 in
1454 2198 1594 2302 gentile

79 2319 234 2401 laudum
254 2318 417 2425 Guigoni
435 2318 574 2399 Auriuz
593 2330 631 2398 et
650 2316 788 2399 Oberto
807 2317 909 2398 lratri
928 2345 996 2398 sno
1016 2318 1200 2421 quaedam
1218 2317 1378 2398 servitia.

151 2443 300 2522 Testes:
329 2441 462 2520 Petrus
488 2437 713 2533 Sencalcus‚
738 2437 932 2519 lohannes
959 2436 1175 2528 Blanchars‚
1203 2437 1432 2519 Bertrandus
1459 2440 1594 2519 castel·

80 2559 185 2640 lanus
203 2558 390 2655 Secusiae,
409 2559 542 2639 Petrus
560 2556 858 2654 Bartholomaus,
880 2557 1080 2640 Umhartus
1093 2557 1394 2650 Bartholcmeus,
1410 2558 1594 2640 Rodulfus

78 2678 196 2768 Baral,
214 2679 348 2759 Petrus
367 2690 406 2758 et
422 2677 824 2774 Benedictus'ssaralis,
844 2675 1040 2758 Aillaudus
1061 2677 1110 2758 dc
1131 2676 1296 2759 Secusia.

149 2799 216 2879 W.
236 2799 411 2879 Notarius
430 2809 469 2879 et
487 2796 613 2879 scriba
632 2796 787 2878 Comitis
806 2797 963 2901 scripsit.

237 2951 279 3035 (E
300 2951 340 3014 R.
363 2951 440 3016 Tab.
465 2950 664 3027 Tcnrincusi,
686 2951 831 3015 atomio
852 2951 886 3014 ar·
908 2951 942 3015 3.
968 2951 1080 3015 aaran
1100 2952 1135 3014 ci
1156 2951 1251 3027 Susa,
1273 2951 1367 3015 Fuso.
1389 2953 1419 3028 1,
1439 2971 1473 3016 n.
1495 2951 1541 3034 3).

408 3261 617 3330 cnuxxnl.
645 3300 681 3310 -
710 3260 932 3332 commune
960 3258 1262 3332 vercellarum.

492 3459 579 3535 1223,
603 3459 640 3520 27
663 3458 835 3522 Februarii.
859 3459 931 3522 Ind.
953 3478 1003 3523 xr.
1025 3458 1182 3522 Vercellis.

148 3643 195 3723 In
234 3641 380 3722 minore
414 3641 576 3724 Consilio
617 3641 846 3745 sapientium
888 3641 1110 3723 Communis
1152 3641 1409 3722 vercellarum
1450 3642 1595 3728 litterae

73 3759 244 3841 Thomae
270 3760 419 3842 comitis
458 3772 612 3841 strenuo
653 3760 763 3841 militi
805 3760 994 3841 Beltramo
1036 3760 1083 3840 de
1124 3761 1393 3866 Lampugnano
1426 3762 1593 3864 potestati

76 3879 311 3960 Vercellensi
338 3879 527 3986 leguntur.

149 3999 320 4080 Thomas
347 4025 474 4079 cemes
513 3998 757 4081 Mauriennae
797 4013 835 4080 et
879 4000 1048 4081 marchio
1088 4000 1127 4081 in
1154 3999 1263 4081 ltalia
1295 3999 1433 4106 gratias
1460 3999 1596 4097 reddit,

74 4118 175 4220 quod
205 4119 374 4199 Potestas
402 4118 662 4199 ambaxatores
691 4119 857 4200 misisset
881 4149 948 4224 pro
974 4119 1137 4201 utilitate
1156 4149 1223 4200 sua
1250 4131 1287 4199 et
1313 4119 1474 4224 episcopi
1503 4122 1596 4200 Tau·

75 4237 242 4318 rinensis
269 4250 307 4317 et
333 4237 555 4318 Communis
583 4240 753 4340 eJusdem
780 4239 961 4334 eivitatis3
989 4255 1169 4346 rogatque
1197 4239 1396 4320 utiterum
1425 4268 1489 4320 eos
1508 4239 1594 4320 mit-

76 4369 156 4436 tant
183 4358 232 4437 ad
263 4369 409 4463 treguas
436 4370 474 4436 et
499 4357 718 4437 concordias
751 4387 835 4437 oum
872 4358 1045 4463 episcopo
1081 4371 1119 4439 ct
1152 4361 1354 4440 Communi
1389 4358 1594 4440 firmandas

76 4476 234 4556 nomine
264 4476 488 4557 Communis
515 4475 784 4557 Vercellarum.

239 4627 281 4710 (Ε
302 4627 380 4692 'lah
403 4629 470 4692 (liv.
494 4629 715 4694 vercellarum.
737 4630 825 4695 Hiar.
849 4632 924 4695 Pat.
947 4633 1032 4696 Mon.
1056 4633 1166 4710 tlhart.
1191 4633 1239 4708 II,
1262 4632 1319 4697 col.
1345 4635 1445 4714 1311).

261 4940 460 5010 cccxxiv.
493 4979 527 4991 -
557 4936 804 5026 litafredus
830 4941 894 5012 111
920 4939 1111 5012 marchio
1138 4940 1414 5014 solatiorum.

386 5140 473 5214 1223,
496 5158 597 5202 manse
619 5139 744 5202 Martio.
767 5140 838 5202 Iud.
862 5159 911 5202 xr.
934 5141 1027 5220 Apud
1048 5141 1297 5205 Lambriaacum.

149 5317 315 5400 Thomas
335 5345 462 5399 comes
481 5320 527 5400 de
552 5319 738 5410 Sabandie
765 5318 920 5400 investit
946 5319 983 5400 in
1013 5320 1170 5402 feudum
1199 5322 1325 5403 nobile
1344 5336 1412 5405 ete.
1434 5327 1595 5407 Manlrc·

73 5436 168 5518 dum
201 5437 463 5521 marchionem
497 5439 544 5519 de
575 5438 736 5520 Salaciis
767 5439 814 5521 de
847 5453 925 5521 toto
963 5440 1086 5532 leudo,
1119 5443 1219 5546 quod
1247 5442 1464 5528 Manlredus
1503 5445 1592 5533 olim
