4096 6190
448 363 518 432 814
855 366 1052 437 1111611811
1079 365 1281 436 OOMITUM
1310 367 1554 438 SABAUDIAE

826 781 992 852 cuxvu.
1019 821 1069 834 -
1094 783 1247 855 retra·
1275 783 1325 854 de
1353 782 1585 856 sabaudia.

1160 982 1250 1043 laon.

518 1162 697 1242 Exactum
726 1157 880 1239 honoris
907 1155 1178 1243 Richemudiae
1205 1163 1252 1242 de
1279 1161 1453 1244 libertate
1480 1162 1580 1244 Petri
1610 1164 1657 1244 de
1683 1163 1879 1246 Sabaudia.

602 1323 927 1412 (wammam,
949 1325 1024 1393 hoo.
1048 1332 1115 1408 cit„
1139 1351 1212 1413 pag.
1235 1331 1304 1406 164,
1327 1332 1406 1395 Doo.
1428 1335 1513 1414 214).

815 1671 1002 1746 curvus.
1030 1711 1067 1722 —
1094 1667 1332 1745 1111111111
1358 1673 1587 1748 wenilone.

1160 1874 1248 1936 1252.
2020 1967 2021 2012 1

516 2043 701 2133 Hauricus
727 2048 777 2134 111
804 2078 869 2133 rex
895 2051 1053 2159 Angliae
1080 2053 1252 2136 concedit
1271 2057 1380 2137 Patro
1399 2055 1446 2136 de
1466 2054 1654 2137 Sabaudia
1684 2055 1843 2136 liberam
1861 2055 1940 2135 Wa·
2020 2019 2021 2074 1

440 2197 597 2252 rounam
624 2169 663 2252 in
691 2171 870 2252 omnibus
898 2172 1077 2254 dominiis
1105 2181 1186 2275 eJos
1214 2203 1279 2279 per
1307 2186 1424 2255 totam
1452 2174 1643 2278 Angliam.

515 2289 638 2371 Simul
666 2317 731 2394 par
756 2289 870 2370 aliam
897 2291 1068 2374 chartam
1086 2294 1150 2374 dat
1168 2294 1222 2374 illi
1247 2295 1458 2374 Maneriom
1487 2293 1689 2375 Wendonr
1716 2293 1940 2375 incomitata

440 2407 690 2514 buchingen,
718 2409 939 2513 proveniens
967 2438 988 2491 a
1014 2411 1217 2494 donatione
1243 2413 1446 2519 logelrami
1474 2413 1606 2516 Fenys.

600 2573 925 2666 (warunnam,
947 2579 1023 2644 Inoo.
1046 2582 1114 2658 ait,
1136 2602 1209 2664 pag.
1233 2583 1302 2658 164,
1325 2581 1404 2645 Dec.
1427 2583 1511 2664 alc).

471 2933 622 3008 CMXIX.
642 2978 676 2990 -
705 2933 912 3027 Episcopo
940 2945 984 3012 et
1012 2941 1113 3028 cap.
1141 2938 1393 3014 Taurinam!
1420 2939 1691 3014 Innocentius
1717 2942 1779 3015 Π
1806 2941 1851 3012 1³.
1877 2939 1924 3012 Ι

931 3135 1021 3210 1218,
1044 3137 1082 3198 28
1102 3136 1133 3199 d.
1157 3136 1313 3200 ianuarii.
1337 3136 1469 3200 Parrasii.

519 3317 763 3398 Innocentius
790 3317 962 3400 Electum
991 3329 1030 3399 et
1055 3318 1267 3423 Capitulum
1297 3320 1568 3400 Taurinensem
1597 3319 1776 3400 certiores
1803 3320 1888 3401 facit
1911 3345 1944 3396 se

443 3446 562 3516 ratam
591 3435 769 3518 habuisse
797 3436 1007 3520 cessionem
1023 3439 1173 3540 ¹jurium
1203 3453 1240 3519 et
1265 3466 1391 3519 rernm
1427 3437 1676 3519 aWillelnro
1712 3439 1789 3544 regi
1825 3441 1944 3519 Roma·

446 3582 581 3637 uorum
618 3557 785 3636 Thomae
821 3558 868 3637 de
902 3557 1092 3638 Sabaudia
1126 3558 1252 3637 comiti
1287 3558 1440 3648 facturn,
1474 3585 1569 3664 quae
1603 3557 1682 3661 ipse
1716 3585 1781 3638 rex
1814 3557 1944 3636 ratione

443 3673 595 3779 Imperii
621 3674 660 3756 in
688 3674 835 3756 civitate
854 3703 897 3755 ae
915 3676 1077 3758 dioecesi
1097 3676 1320 3757 Taurineosi
1340 3676 1516 3772 habebat,
1537 3676 1796 3779 hortaturque,
1813 3689 1853 3756 ut
1875 3689 1944 3755 stu·

443 3795 558 3875 deant
583 3819 624 3875 se
650 3794 871 3876 favorabiles
898 3795 1068 3876 Thomna
1102 3795 1274 3890 exibere,
1301 3796 1411 3900 eique
1438 3793 1617 3887 obedire,
1643 3795 1714 3876 sub
1748 3794 1943 3875 commina-

443 3913 548 3995 tione
575 3940 756 3996 censurae
782 3913 1067 3996 ecclesiasticae.

600 4083 643 4167 (E
664 4083 703 4145 R.
727 4083 803 4147 Tab.
827 4083 1025 4150 Taurinorui.
1048 4085 1259 4157 Gorcnruou,
1281 4083 1369 4146 Hiat.
1396 4084 1487 4157 aaa„
1509 4084 1659 4157 Prona,
1682 4101 1755 4164 pag.
1778 4083 1842 4165 91).

838 4437 971 4508 GMXX.
1001 4477 1036 4488 -
1065 4432 1293 4509 oomltlm
1320 4433 1561 4506 flandriae.

943 4631 1031 4704 1218,
1054 4628 1125 4689 41.
1149 4627 1322 4690 Februarii.
1344 4627 1453 4690 Assisi.

518 4813 761 4895 innocentius
788 4815 839 4894 lv
869 4812 906 4892 P.
935 4811 983 4892 M.
1011 4812 1075 4891 dat
1100 4809 1266 4890 Thomas
1303 4811 1348 4890 de
1384 4809 1572 4891 Sabaudia
1608 4825 1757 4916 propter
1790 4839 1937 4890 amoren

441 4964 555 5040 quarn
584 4933 699 5015 habet
725 4959 790 5038 pro
817 4932 1015 5037 Margarita
1049 4929 1241 5011 comitissa
1275 4930 1474 5011 Flandriae
1507 4941 1545 5010 et
1575 4955 1690 5035 quem
1725 4930 1857 5012 habuit
1886 4956 1939 5033 pro

439 5055 617 5137 Johanna
643 5052 833 5134 eomitissa
860 5050 1069 5148 Flandriae,
1098 5049 1289 5154 quondam
1310 5075 1422 5129 uxore
1442 5047 1533 5129 dieti
1553 5049 1735 5140 Thomna,
1763 5078 1827 5130 sex
1852 5048 1939 5128 mille

441 5173 566 5267 libras,
593 5172 645 5254 ita
670 5172 770 5278 qnod
799 5185 946 5276 propter
968 5177 1054 5273 jura
1080 5197 1148 5250 sua
1175 5168 1214 5248 in
1242 5168 1492 5248 hereditatem
1520 5167 1719 5249 Johannae
1746 5169 1940 5249 debeantur

439 5293 495 5375 illi
521 5291 712 5398 sexaginta
740 5289 859 5372 millia
877 5289 1057 5371 librarum
1077 5287 1368 5381 Turonens'urm,
1388 5315 1480 5389 quas
1499 5286 1664 5367 debebat
1683 5287 1807 5368 Guido
1831 5311 1939 5368 comes

441 5411 649 5506 Flandriaa,
676 5409 777 5492 titius
802 5410 926 5492 dictae
959 5408 1182 5513 Margaritae
1220 5405 1454 5501 comitissae,
1490 5415 1596 5502 qu'us
1628 5433 1802 5489 summae
1834 5404 1938 5486 Gnido
