4198 6190
782 372 981 440 UlllBERTI

571 843 635 909 CV.
672 881 707 891 —
743 839 1000 914 coracinet
1030 837 1193 928 colpix.

731 1055 804 1117 Sine
826 1054 892 1116 lonc
912 1057 942 1116 et
962 1072 1056 1115 enno.

204 1255 349 1335 Alricus
376 1251 534 1334 astensis
570 1253 765 1356 episcopus
799 1268 837 1332 et
863 1254 972 1332 Berte
1005 1251 1196 1333 comitissa
1230 1255 1457 1334 monasterio
1484 1257 1539 1334 Ss.
1568 1257 1641 1336 So-

127 1375 272 1470 lrrloriS‚
300 1373 522 1454 Adventoris
542 1385 578 1451 st
605 1373 746 1452 Octavii
768 1373 1008 1452 medietatem
1029 1373 1140 1451 cortis
1161 1372 1339 1453 Coraciue
1359 1389 1395 1453 el
1415 1375 1527 1454 cortis
1546 1401 1640 1476 quse

130 1508 284 1574 uocatur
311 1495 449 1597 Culpix,
477 1493 672 1574 conserunt

288 1667 496 1747 (Memorolur
518 1671 592 1726 hoec
613 1666 922 1728 enuticusunus
944 1664 1124 1734 Adeloldis
1148 1665 1187 1725 ed
1209 1684 1327 1726 cunum
1349 1671 1503 1744 unxxrx).

338 2079 420 2146 CVI.
449 2120 499 2129 —
526 2073 846 2167 Hermengsrds
872 2072 1024 2167 regins
1052 2075 1151 2146 scel.
1181 2078 1221 2148 S.
1249 2074 1449 2149 Ferreoli.

579 2291 666 2361 1036,
689 2293 706 2348 5
729 2289 806 2350 Nor.
829 2291 867 2351 In
889 2291 1005 2368 synodo
1026 2291 1203 2352 Viennensi.

211 2489 461 2595 Lecdegerius
477 2489 704 2570 Viennensis
722 2489 1019 2593 archiepiscopus
1048 2488 1162 2568 donst
1176 2488 1354 2569 ecclesiae
1374 2490 1410 2569 S.
1430 2488 1591 2569 Ferreoli
1610 2502 1647 2569 el

133 2610 319 2692 coenobio
347 2610 446 2712 quod
477 2623 610 2690 vocant
635 2610 904 2700 sirmiensium,
930 2609 1111 2713 quidquid
1140 2608 1177 2689 in
1198 2636 1266 2689 suo
1284 2609 1453 2689 dominic
1473 2620 1593 2704 tenet,
1611 2621 1647 2688 el

132 2730 318 2833 quidquid
344 2731 390 2810 de
420 2737 501 2829 ejus
539 2730 748 2810 hereditate
776 2729 928 2809 tenebat
954 2728 1173 2826 Blendinus
1200 2729 1436 2808 collaudante
1476 2729 1575 2808 clero
1610 2744 1648 2808 et

131 2861 327 2929 annuente
354 2850 634 2954 Hermengsrde
664 2849 815 2954 regine,
848 2876 948 2929 nunc
989 2849 1108 2928 vidua.
1143 2894 1175 2906 -
1212 2848 1462 2952 Leodegerius
1502 2848 1645 2950 propris

134 2997 253 3048 uranu
282 2969 456 3049 firmavit.

213 3089 340 3191 Nusps
368 3088 576 3168 monachus
603 3088 649 3168 ud
679 3088 797 3167 vicem
826 3087 1044 3168 Cancellerii
1072 3086 1231 3191 scripsit..

296 3259 471 3337 (Mnsrnnn
493 3279 532 3319 rr
556 3259 678 3321 Oneruo
701 3259 852 3334 Durine,
881 3259 1024 3319 Veterum
1053 3258 1238 3336 scriptorum
1260 3265 1289 3319 el
1309 3273 1389 3318 uren.
1417 3259 1488 3319 list.
1519 3259 1650 3337 ‹luporu-

217 3357 347 3417 licorum
370 3365 398 3418 el
418 3357 583 3418 morellum
603 3358 798 3434 amplissima
818 3355 964 3417 collectio.
987 3355 1128 3422 Parisiis,
1152 3355 1254 3430 1724).

430 3763 530 3830 Ol'll.
559 3804 606 3811 —
633 3758 826 3834 Umberti
852 3762 873 3829 1
901 3759 1069 3830 comitis
1096 3757 1352 3831 recordatio.

647 3975 735 4045 loeo,
758 3975 834 4034 serie
855 3987 938 4035 sextu
959 3973 1142 4036 novembris.

215 4175 331 4256 Meris
359 4175 382 4254 f.
411 4173 600 4277 quondam
629 4172 841 4277 Meginerii¹
860 4187 896 4252 el
923 4172 1051 4253 relicte
1079 4173 1231 4279 Ugonis,
1251 4201 1325 4252 una
1343 4202 1428 4253 curn
1458 4171 1547 4254 filiis
1573 4174 1652 4254 suis

135 4296 336 4386 Vuill'relo,
363 4292 537 4373 Besilonc
566 4293 705 4373 Ulrerto
738 4291 941 4385 monacho,
976 4291 1163 4398 Sigebodo
1199 4304 1237 4371 et
1263 4293 1439 4388 Almone,
1473 4321 1538 4395 pro
1575 4292 1653 4374 viro

134 4444 206 4495 suo
232 4425 271 4493 et
297 4413 376 4492 filio
404 4415 534 4518 Ugcne
570 4412 633 4514 qui
670 4413 766 4515 apud
804 4411 1034 4492 Novalicium
1072 4412 1239 4516 sepultus
1267 4413 1396 4506 luerat,
1423 4413 1653 4494 monasterio

134 4531 329 4614 Novslicio
356 4533 471 4612 donet
502 4533 685 4635 quaedam
721 4531 821 4611 hona
856 4544 1028 4634 palerna,
1061 4531 1130 4611 sila
1158 4534 1197 4612 in
1229 4559 1323 4638 pege
1359 4532 1586 4637 Sevogiense
1614 4533 1653 4613 in

135 4681 227 4759 agro
266 4653 514 4758 pignonense‚
553 4651 591 4730 in
630 4650 727 4730 velle
768 4653 895 4747 Cesis3
936 4651 1110 4731 videlicet
1137 4648 1333 4731 ecclesium
1362 4653 1396 4730 S.
1424 4651 1583 4748 Mariae,
1617 4665 1654 4732 et

136 4769 324 4876 quidquid
354 4770 470 4851 habel
486 4795 597 4872 super
614 4770 723 4850 lsere.
745 4771 847 4864 Onne
866 4796 925 4849 res
944 4797 965 4848 a
984 4797 1095 4850 mene
1115 4769 1320 4850 terminent
1338 4781 1433 4850 terre
1451 4771 1559 4874 regis,
1577 4771 1654 4850 sive
1723 4771 1726 4778 ‘

137 4891 269 4973 Uberti
298 4889 459 4984 comilis,
489 4915 558 4968 nec
585 4917 660 4970 non
689 4889 796 4970 Oltae
836 4889 959 4969 uxoris
992 4888 1227 4995 Sigihodi3e
1263 4889 1422 4970 meridie
1449 4905 1487 4969 et
1512 4890 1558 4970 sd
1585 4916 1655 4970 oo-

137 5011 290 5092 cidenlc
316 5023 413 5089 terre
440 5007 539 5113 regis
568 5021 605 5088 el
631 5009 831 5106 comitisa
860 5007 954 5089 cixio
981 5007 1126 5088 flumen
1156 5009 1254 5088 lsere
1300 5057 1336 5067 -
1378 5011 1413 5089 S.
1452 5008 1591 5090 llariue
1618 5021 1655 5088 el

138 5131 307 5213 liliorum
336 5156 502 5210 snorum.

215 5251 308 5329 Data
337 5277 402 5353 per
430 5277 583 5330 menum
613 5248 764 5328 Wiscni
793 5249 982 5330 monachi.

300 5422 523 5502 (Gurcunuon,
548 5422 695 5494 Procnes,
718 5440 788 5498 pug.
813 5417 915 5503 663).’
