4050 6188
589 276 849 348 BONIFAOIUS
878 279 1076 347 MARCHIO
1522 279 1592 344 209

192 395 243 400 —.
267 396 275 400 .
288 395 520 401 .—-—..-.-.
613 395 834 400 ——-.———
888 393 1072 400 -——---—--
1127 391 1346 398 -.-.——--—-

85 411 133 418 ---

82 543 162 596 rem
190 515 307 599 filiam
335 517 483 598 comitis
510 516 720 599 sabaudiae
761 517 928 600 Thomae
951 526 1031 622 jam
1072 517 1220 608 mortui,
1248 545 1415 598 sororem
1444 517 1592 598 comitis

82 637 292 718 Ssbaudiae
318 636 444 717 adhuc
470 637 628 718 viventis
644 637 811 718 Amidei:
831 639 947 718 mirae
977 637 1240 740 pulcritudinis
1272 636 1469 716 mulierem
1498 639 1594 750 Rea·

81 756 184 836 tricis
211 756 377 837 nomine.
406 757 507 852 Quae
534 784 579 836 ex
606 756 683 836 viro
711 785 779 838 suo
812 757 1001 860 praedicto
1028 757 1165 838 comite
1193 757 1421 850 Reimund0,
1448 756 1590 860 prolem

78 877 243 980 suscepit
270 874 414 957 decoris
442 877 681 980 expectabilis
709 875 817 974 filias,
847 905 1006 980 quarum
1026 875 1313 981 primogenitem
1340 904 1404 955 rex
1429 877 1590 956 Franco-

77 1025 163 1076 rum
192 996 400 1078 Lodovicus
429 995 670 1077 matrimonio
697 995 766 1076 sibi
803 996 998 1100 copulavit,
1029 996 1182 1076 nomine
1202 997 1448 1101 Margaretam
1465 1052 1574 1072 .....

78 1117 186 1196 Unde
215 1128 253 1195 et
280 1127 553 1220 consequenter
580 1127 669 1195 natu
699 1115 883 1195 minorem
912 1115 1097 1222 virginem
1125 1115 1260 1219 speciei
1289 1114 1589 1212 venustissimae,

71 1241 230 1339 jamque
258 1235 510 1330 duodennem,
539 1237 614 1314 Rex
641 1234 848 1339 Anglorum
878 1238 914 1313 iu
935 1262 1088 1314 uxorem
1106 1234 1178 1315 sibi
1198 1235 1276 1314 dari
1298 1262 1363 1336 per
1380 1235 1589 1337 praedictos

77 1355 239 1434 nuncios
272 1344 594 1458 postulaverat...
629 1353 773 1446 Oui...
807 1381 894 1432 cum
936 1381 1088 1433 summo
1129 1353 1271 1433 honore
1312 1365 1350 1432 et
1382 1353 1589 1433 reverentia

74 1487 167 1552 sunt
193 1474 330 1576 recepti
359 1484 416 1552 et.
435 1531 467 1546 ..
502 1471 734 1567 Alienorum,
763 1473 853 1578 Regi
890 1472 1095 1576 Anglorum
1133 1472 1375 1552 matrimonio
1403 1473 1589 1562 associan-

73 1595 177 1689 dam,
206 1593 253 1672 de
280 1620 394 1672 manu
424 1600 504 1694 ejus
531 1603 791 1695 susceperunt:
820 1593 892 1674 sub
920 1592 1053 1673 ducatu
1076 1605 1201 1674 temen
1222 1591 1366 1672 domini
1385 1590 1586 1673 Willielmi

71 1714 194 1793 Electi
212 1712 416 1807 Valentino,
437 1711 610 1792 avunculi
631 1713 800 1812 ejusdem
829 1710 986 1813 puellae,
1007 1711 1074 1792 viri
1097 1711 1273 1814 praeclari
1294 1723 1332 1790 ct
1352 1711 1535 1816 elegantis

71 1833 335 1913 adducendam
353 1892 360 1907 .
377 1892 411 1908 ..
445 1830 613 1912 Occurrit
638 1831 815 1910 dominus
843 1832 920 1909 Rex
935 1889 942 1903 .
960 1889 992 1906 ..
1028 1843 1066 1909 et
1094 1831 1169 1909 visa
1189 1830 1323 1933 puella,
1339 1829 1493 1934 'sibique
1524 1858 1586 1910 ac·

69 1966 189 2055 cepta,
216 1951 313 2055 apud
341 1951 581 2031 cantuariam
608 1978 693 2030 eam
712 1949 970 2054 desponsavit.
990 2011 1021 2026 ..
1053 1950 1202 2030 decimo
1223 1976 1321 2032 nono
1342 1949 1493 2030 Calend.
1513 1952 1583 2030 Fe-

68 2071 216 2152 bruarii
245 2081 453 2175 peragente.

232 2225 424 2303 (Murmur
446 2225 548 2288 Pauus
568 2223 717 2288 monachi
737 2223 934 2297 Albauemia,
966 2224 1082 2302 Angli,
1108 2223 1253 2286 Historia
1283 2225 1407 2302 neojur,
1435 2223 1583 2298 hundini,

155 2325 243 2399 1640,
264 2343 335 2404 pag.
360 2325 441 2401 419).

406 2612 551 2680 DLXIX.
593 2651 639 2660 —
679 2608 979 2681 Guilelmus
1019 2610 1254 2683 Sarriod.

470 2793 558 2865 mac,
580 2795 619 2854 80
640 2790 670 2852 d.
693 2790 888 2870 Septembris.
911 2793 951 2853 In
971 2791 1046 2852 villa
1066 2787 1193 2853 Murice.

147 2973 339 3053 Amedeus
367 3001 493 3053 comes
520 2973 728 3054 Sabaudiae
756 2985 792 3052 et
820 2972 988 3051 marchio
1017 2972 1055 3050 in
1082 2971 1187 3052 ltalia
1221 2973 1464 3053 donationem
1492 2999 1584 3053 con·

61 3093 209 3180 firmat,
236 3121 348 3196 quam
379 3092 524 3174 nobiles
552 3093 621 3173 viri
645 3091 876 3172 Vulliermus
904 3093 951 3172 de
978 3093 1116 3172 Sancto
1152 3093 1260 3172 Petro
1295 3105 1332 3170 et
1357 3094 1520 3173 Jacobus
1548 3106 1585 3173 et

59 3213 132 3294 alii
161 3213 331 3294 lecerunt
357 3212 567 3294 Vulliermo
595 3211 724 3293 Sariod
752 3212 798 3292 de
825 3211 1135 3316 possessionibus,
1161 3240 1256 3315 quae
1284 3226 1373 3292 sunt
1399 3215 1445 3294 de
1472 3213 1584 3295 feudo

60 3331 187 3436 ipsius
216 3332 372 3412 comitis.

143 3453 290 3532 Testes:
318 3453 547 3533 Nanterinus
574 3452 620 3531 de
647 3451 820 3547 Miolans,
840 3452 963 3532 Guido
991 3452 1037 3531 de
1064 3451 1204 3546 Avisio,
1234 3454 1355 3532 Marco
1382 3453 1428 3532 de
1448 3454 1582 3547 Bardo,

56 3571 269 3654 Umbertus
298 3573 400 3652 lilius
429 3571 692 3662 vicecomitis
720 3573 959 3652 Bcrvnundus
987 3572 1033 3649 de
1062 3571 1193 3666 Curiis,
1223 3572 1377 3651 Pontius
1405 3572 1452 3651 de
1481 3574 1582 3665 Com,

53 3692 231 3773 Jacobus
259 3691 304 3770 de
332 3692 435 3771 Salsa
464 3704 532 3770 eto.

226 3846 372 3924 (Recucit
389 3845 442 3908 daa
462 3845 661 3916 Franchc'sea,
684 3851 712 3906 ct
733 3845 905 3922 Pricildpca
927 3851 996 3916 eta,
1019 3845 1101 3922 quod
1121 3847 1205 3906 extat
1225 3844 1259 3905 in
1281 3844 1359 3907 Tab.
1378 3845 1509 3908 Oonsilii
1524 3847 1577 3910 dea

146 3943 281 4005 Coronis
301 3941 432 4004 ducatus
452 3942 684 4020 Augustensis).

195 4181 198 4188 ι
260 4237 387 4304 DLXX.
425 4274 473 4284 -
508 4229 757 4304 Bouifuoius
790 4233 833 4304 11
866 4231 1022 4302 march.
1057 4227 1384 4302 Moutlsforrutl.

315 4414 403 4484 1237,
420 4415 458 4473 12
471 4413 501 4473 d.
519 4411 692 4474 Februarii.
709 4412 780 4473 Ind.
797 4412 935 4495 111(leg.
952 4415 1001 4492 x).
1018 4414 1134 4474 Actum
1148 4412 1181 4473 in
1196 4411 1323 4475 Olavax.

134 4595 353 4678 Bonil'acius
394 4597 426 4675 ll
470 4595 637 4675 marchio
677 4595 942 4675 Montislerrati
989 4593 1174 4698 promittit
1218 4605 1345 4672 tenere
1388 4607 1578 4696 praecepte

46 4715 246 4800 Manlredi
275 4715 326 4794 lll
362 4714 590 4795 rnarohionis
625 4715 855 4795 Salutiarum
888 4742 999 4816 super
1031 4712 1271 4806 discordiam,
1301 4739 1395 4816 quae
1423 4713 1579 4793 vertitur

44 4840 158 4920 inter
177 4834 346 4937 seipsum
364 4845 400 4912 ct
418 4835 627 4914 Amedeum
648 4834 825 4913 comitem
855 4830 1074 4926 Sabnudiae,
1104 4833 1311 4912 secundum
1335 4833 1433 4934 quod
1471 4836 1577 4912 blan·

46 4957 189 5038 fredus
218 4953 385 5034 marchio
416 4953 562 5032 locutus
590 4965 646 5032 est
674 4955 770 5056 apud
801 4952 972 5032 Casollas.

132 5075 275 5152 Testes:
291 5071 477 5152 Ausnldns
494 5073 540 5151 de
555 5073 958 5166 Lanerio‚castellanus
975 5071 1149 5168 Clavexii,
1164 5071 1320 5152 Ubartus
1335 5071 1381 5150 de
1397 5069 1575 5174 Septimo.

129 5190 351 5272 Bonilacius
380 5192 545 5272 noterius
574 5194 609 5271 S.
638 5191 768 5271 Palatii
797 5192 956 5296 scripsit.

222 5345 421 5424 (Momonm,
443 5345 644 5406 Morvrrnrentc
665 5345 838 5423 Accusata,
863 5363 893 5423 p.
917 5343 964 5418 11,
988 5344 1034 5406 col
1057 5345 1141 5422 662).

137 5495 166 5540 2⁷
209 5496 309 5544 cumr,
323 5495 408 5549 deposta
421 5495 519 5538 comitum
535 5495 658 5536 suorumve.
