4198 6190
435 339 480 403 22
836 341 1034 409 Radasra
1060 341 1263 410 GOMITUM
1291 341 1537 412 scandalan

1740 455 1938 468 -—=——-—

577 732 659 796 LIII.
688 771 737 779 —
764 729 988 802 umbertus
1014 732 1035 800 1
1061 733 1104 800 ot
1131 726 1212 799 filii
1240 730 1343 818 ejus.
1371 729 1484 802 Eccl.
1512 730 1796 814 Haltaccnao.

1027 925 1100 984 Sina
1121 943 1203 986 anno
1224 929 1254 987 ab
1274 925 1354 986 loco.

506 1106 738 1186 Humbertus
765 1108 899 1185 Comes
934 1118 972 1184 et
1003 1104 1072 1184 filii
1106 1113 1186 1206 ejus
1221 1106 1425 1198 Amade'us,
1453 1108 1573 1210 Aymc
1600 1121 1638 1186 et
1665 1109 1772 1188 Oddo
1799 1109 1944 1189 donant

431 1225 610 1306 ccclesiae
644 1226 873 1304 Maltaccnae
901 1237 938 1304 et
971 1225 1053 1304 loco
1087 1224 1342 1320 Cluniaoensi,
1371 1225 1431 1304 cui
1465 1239 1588 1330 praest
1615 1227 1735 1320 odito,
1765 1255 1942 1308 nransurn

430 1345 625 1432 Barnardi‚
654 1357 691 1422 et
716 1344 916 1424 Exclusarn
943 1345 990 1424 ad
1017 1344 1218 1447 capiendos
1254 1345 1373 1447 pisces
1410 1345 1543 1424 iactant
1575 1361 1611 1426 et
1639 1346 1675 1425 in
1705 1375 1822 1451 acqua
1850 1374 1943 1450 quae

431 1464 635 1565 appellatur
662 1463 699 1542 in
730 1464 837 1552 Lisia,
866 1464 1036 1567 positam.

508 1585 542 1662 S.
559 1581 757 1663 Hunrberti
774 1584 933 1677 comitis
947 1585 981 1662 S.
992 1583 1164 1678 Amardoi,
1178 1584 1213 1663 S.
1228 1582 1419 1686 Aynronis‚
1436 1585 1471 1662 S.
1487 1585 1652 1664 Oddonis
1667 1585 1835 1666 liliorum
1852 1593 1943 1686 ejus.

590 1737 629 1816 (E
651 1736 726 1798 'Iob
751 1716 851 1798 Prior.
874 1737 1010 1814 Burgati.
1034 1737 1240 1811 Guronuuorc
1265 1737 1409 1810 ocurras,
1433 1757 1502 1814 pag.
1526 1740 1567 1818 6).

669 2069 771 2136 LXII.
809 2107 845 2118 -—
881 2065 1197 2138 Burchaduu
1232 2068 1365 2159 Aug.
1401 2067 1708 2155 epiecopus.

898 2267 986 2338 roas,
1007 2264 1026 2322 a
1048 2263 1166 2326 naara.
1189 2263 1228 2324 1n
1249 2265 1325 2357 vara¹
1346 2265 1493 2329 riveria.

505 2443 746 2525 Burohardus
787 2442 1050 2548 Lugdunensis
1090 2442 1390 2547 archiepiscopus
1425 2455 1462 2523 et
1498 2443 1670 2524 abbatiae
1705 2445 1741 2524 S.
1778 2444 1941 2524 Mauritii

431 2564 567 2658 abbas,
593 2575 631 2642 et
647 2563 887 2642 Burohardus
915 2574 1145 2666 augustanus
1173 2563 1282 2668 episc.
1302 2564 1471 2665 ejusdem
1505 2563 1676 2643 abbatiae
1695 2564 1941 2668 praepositus

407 2685 539 2793 ‘Petro
567 2695 676 2786 atque
703 2681 819 2763 Adule
846 2687 926 2781 ejus
960 2682 1111 2786 conjugi
1138 2709 1204 2786 per
1236 2683 1473 2784 praestariam
1503 2684 1715 2762 concedunt
1750 2685 1938 2785 quandam

430 2817 566 2882 terrain
596 2803 633 2882 iu
661 2801 841 2880 comitatu
882 2799 1098 2902 Equestrico
1126 2801 1228 2880 etin
1256 2801 1347 2881 [isco
1374 2801 1605 2894 conruniaco,
1632 2801 1704 2881 sub
1731 2800 1940 2881 redditione

432 2948 566 3001 census
593 2934 755 3000 conatae
783 2919 870 2999 vini.

507 3041 640 3120 Petrus
668 3040 746 3118 vioe
773 3039 906 3118 levitae
933 3039 1105 3118 Leutoldi
1133 3039 1343 3120 cancellarii
1371 3040 1526 3139 scripsit.

595 3193 632 3271 (E
654 3191 730 3254 aab.
752 3193 785 3254 S.
808 3192 949 3268 Mauritii
970 3191 1172 3270 Ageanansis.
1197 3191 1242 3253 M.
1266 3193 1311 3252 Η.
1334 3192 1372 3253 P.
1395 3185 1495 3253 Chart‘
1510 3191 1539 3264 1,
1563 3193 1622 3253 col.
1647 3195 1729 3273 449.)

511 3529 630 3597 LXIII.
659 3525 931 3596 Barchon-due
957 3523 1092 3616 Lugd.
1119 3524 1318 3611 Archiep.
1343 3524 1585 3596 Burcardus
1611 3523 1737 3611 episc.
1763 3525 1871 3615 Aug.

1040 3723 1128 3795 1026,
1152 3725 1189 3782 10
1210 3721 1329 3783 Martii.

504 3903 715 3984 Burcardus
751 3899 1015 4007 Lugdunensis
1050 3900 1348 4004 archiepiscopus
1383 3913 1420 3978 et
1455 3902 1491 3979 S.
1528 3899 1692 3981 Mauritii
1728 3899 1843 3980 abbas
1877 3927 1940 4002 per

429 4023 647 4129 prestariam
682 4021 855 4101 concedit
886 4021 995 4099 Petro
1030 4034 1164 4098 terram
1199 4021 1235 4099 S.
1270 4018 1433 4098 Mauritii
1469 4019 1506 4098 in
1541 4017 1645 4112 villa,
1672 4046 1768 4122 quae
1803 4019 1939 4099 dicitur

428 4141 662 4248 Adestgogie‚
690 4151 728 4219 et
750 4139 882 4240 accipit
908 4137 955 4217 ab
975 4165 1018 4218 ao
1045 4138 1137 4218 duas
1166 4149 1325 4217 carratas
1353 4137 1438 4217 vini.
1463 4137 1673 4218 Burcardus
1699 4139 1938 4244 Augustanus

431 4262 626 4365 episcopus
654 4261 753 4340 hano
778 4256 1016 4363 praestariam
1045 4257 1174 4338 laudat
1200 4270 1238 4336 et
1263 4258 1398 4337 firmat.

506 4378 692 4484 Sigendus
719 4378 963 4458 cancellarius
990 4376 1148 4479 scripsit.

587 4531 626 4610 (E
650 4533 689 4592 R.
712 4531 787 4594 aab.
812 4530 1008 4592 Taurinensi.
1030 4530 1076 4591 Μ.
1103 4531 1144 4592 H.
1169 4530 1206 4593 P.
1231 4529 1338 4592 Obart.
1361 4529 1406 4603 Η,
1429 4533 1487 4592 ool.
1514 4531 1595 4610 114).

767 4868 879 4933 LXIV.
910 4903 955 4917 -
982 4863 1093 4938 vido
1121 4867 1163 4934 et
1190 4865 1300 4935 Boeo
1327 4861 1604 4934 marchiones.

676 5065 766 5148 (Sina
787 5084 871 5126 auno
891 5067 921 5124 eb
942 5064 1019 5124 loco.
1043 5063 1102 5123 An.
1129 5065 1203 5122 1026
1224 5080 1239 5122 a
1262 5062 1438 5138 conjectura
1459 5061 1486 5121 1.
1510 5059 1691 5140 Danaum).

505 5247 697 5329 Conradus
726 5247 786 5346 (II,
812 5249 978 5346 Solitas)
1006 5245 1083 5324 Rex
1110 5271 1364 5340 romanorum,
1383 5242 1605 5323 fidelissimo
1622 5243 1770 5322 Bosono
1791 5269 1857 5322 seu
1877 5241 1937 5320 Vi·

429 5367 518 5448 doni
537 5365 724 5464 fratribus,
744 5362 901 5446 Arduini
924 5363 1149 5446 marchionis
1167 5363 1265 5455 filiis,
1282 5361 1452 5444 concedit
1471 5373 1508 5442 et
1526 5362 1726 5444 confirmat
1744 5360 1936 5442 castellum
