4198 6190
767 357 799 425 S.
827 356 984 424 ANIANI

232 804 297 868 LV.
330 841 371 851 -
402 800 634 875 (tollalmuo
659 801 724 872 111
749 798 1016 871 Pictovenola
1042 797 1262 873 Honfredc
1290 802 1447 874 march.
1476 802 1517 874 S.

775 1001 979 1058 1024....

195 1197 427 1302 Maginlredo
454 1199 664 1280 marchioni
691 1198 900 1279 clarissimo
929 1209 966 1278 et
1001 1198 1104 1278 uxori
1138 1225 1228 1276 suae
1260 1200 1390 1284 Bartae
1418 1195 1629 1300 prudentis-

119 1316 238 1396 simae
266 1316 489 1397 Gnillelmns
515 1318 584 1397 Dei
607 1316 730 1397 Gratia
759 1317 1032 1420 Aquitanorum
1058 1317 1141 1396 dux.
1171 1317 1277 1410 Quod
1306 1330 1480 1419 coaptum
1501 1327 1558 1394 ast
1583 1315 1630 1394 de

119 1435 201 1514 lilio
227 1462 313 1514 meo
342 1465 415 1516 non
455 1435 603 1516 uidetur
636 1435 731 1515 mihi
766 1448 889 1515 ratum
918 1436 1014 1527 lore,
1043 1461 1113 1514 nac
1139 1436 1292 1526 utilem,
1320 1462 1389 1515 nec
1416 1434 1630 1514 honestum.

121 1554 222 1633 Gens
248 1555 351 1634 enim
385 1566 505 1634 restra
541 1554 659 1634 infida
687 1567 753 1634 est.
782 1555 962 1647 Quocirca
995 1581 1060 1656 per
1091 1553 1208 1633 fidem
1237 1565 1275 1632 et
1301 1553 1508 1634 amicitiam
1537 1579 1632 1656 quae

119 1673 219 1752 inter
240 1699 308 1753 noa
336 1687 402 1761 est,
423 1674 664 1754 obsecramus
691 1702 756 1754 vos
784 1701 935 1778 operam
962 1673 1050 1752 dare
1077 1671 1244 1775 qualiter,
1273 1674 1413 1776 absque
1441 1686 1568 1752 nostro
1596 1685 1634 1750 et

117 1805 243 1871 vestro
264 1793 459 1889 dedecore,
488 1801 536 1874 ab
555 1794 725 1896 incoepto
744 1792 941 1888 desistatis,
960 1803 1131 1872 caventes
1151 1819 1198 1872 ne
1223 1792 1324 1872 filins
1344 1820 1452 1872 mous
1473 1791 1531 1870 vel
1550 1791 1632 1894 qui·

122 1912 217 1991 libet
242 1912 339 1993 alius
367 1914 439 1994 hoc
465 1912 651 2002 resciscat,
681 1914 799 1992 donec
826 1911 987 1992 invicem
1015 1923 1158 1991 secrete
1187 1913 1397 2014 loquamur.

282 2084 396 2164 (Epist.
420 2083 560 2145 Fulbarti
580 2083 655 2162 apia.
678 2085 719 2146 R.
741 2084 777 2146 θ.
795 2083 835 2144 F.
859 2090 886 2144 et
902 2083 1019 2160 Surio„
1041 2083 1118 2144 'I'om
1139 2081 1196 2156 IV,
1219 2101 1290 2161 pag.
1316 2084 1397 2162 192).

484 2471 566 2536 LVI.
603 2511 638 2520 -
673 2471 940 2543 runcatio
978 2472 1018 2544 S.
1054 2471 1276 2543 Auloni.

544 2667 631 2725 1024.
654 2666 724 2728 Ind.
749 2685 810 2726 vn.
835 2667 967 2731 (livitato
987 2669 1061 2731 Acte
1081 2669 1211 2732 lactum.

203 2863 348 2944 lllricus
383 2865 550 2944 Astansis
582 2865 775 2969 episcopus
808 2878 968 2968 quatuor
999 2867 1198 2948 canonicos
1225 2869 1259 2947 S.
1289 2868 1425 2947 Auiani
1453 2868 1637 2961 costituit‚

125 2983 267 3086 iisque,
301 3009 486 3063 consensu
519 2994 556 3061 et
587 2982 743 3063 oonsilio
777 2983 997 3065 clericorum
1031 3013 1120 3066 sune
1154 2986 1332 3067 ecclesiae
1367 2986 1634 3082 cardinalium,

125 3103 275 3182 confert
291 3102 456 3183 decimas
475 3100 645 3181 villarum
667 3100 803 3194 viliani,
822 3104 952 3208 plocio,
973 3117 1060 3194 aste,
1079 3133 1234 3210 govcne.
1250 3133 1408 3213 gorzano
1428 3120 1465 3185 et
1486 3104 1637 3208 laringe.

125 3219 386 3328 Magnilredus
415 3219 582 3300 marchio
608 3248 695 3301 cum
724 3249 836 3302 uxore
863 3251 931 3303 sua
957 3224 1067 3302 Berta
1093 3224 1250 3304 landant
1275 3238 1313 3304 et
1339 3224 1576 3305 confirmant.

204 3339 386 3446 Rogerius
412 3340 666 3444 ypodiaccnus
694 3341 938 3422 cancellarius
965 3342 1122 3448 scripsit.

290 3508 332 3588 (E
354 3508 430 3570 Tob.
455 3507 539 3569 Eccl.
565 3507 656 3570 Oatlr.
679 3509 827 3572 detensis.
851 3513 897 3573 M.
920 3511 964 3572 H.
988 3511 1025 3571 P.
1049 3511 1156 3574 (thart.
1179 3511 1206 3584 I,
1231 3513 1289 3573 col.
1313 3514 1393 3592 441).
