4198 6190
354 401 416 450 vrn
1004 386 1246 454 PRAEFATIO

1518 515 1859 526 ————-

1518 534 1859 544 -———

353 697 545 793 mittere
590 700 924 818 contendunt3
974 699 1153 793 bonum
1193 726 1299 793 esse
1340 698 1440 820 ipse
1491 697 1654 819 putavi
1706 725 1875 793 eorum

352 892 590 1011 syllabam
625 892 956 1004 conscribere,
992 892 1098 1014 qui,
1137 895 1191 987 ut
1223 891 1290 986 ita
1323 889 1505 1010 dicam,
1542 891 1700 1013 operis
1727 919 1873 1013 prae-

354 1083 554 1177 nuntius
588 1089 754 1178 esset·

446 1274 674 1369 Exactis
709 1276 870 1396 praelo
903 1273 1150 1392 subiectiS,
1187 1275 1314 1369 haud
1348 1275 1514 1386 multa,
1539 1275 1588 1368 ni
1622 1274 1741 1370 fallit
1763 1276 1874 1370 ani-

351 1495 478 1579 mus,
515 1467 564 1559 in
598 1468 719 1562 libro
752 1471 916 1564 nostro
949 1469 1371 1564 desiderabuntur.
1407 1469 1474 1564 At
1508 1495 1603 1563 non
1639 1497 1791 1591 pauca
1819 1468 1870 1562 in

351 1660 530 1755 archiis
560 1660 855 1772 delitescere,
881 1670 928 1756 et
958 1660 1354 1784 investigationes
1380 1666 1572 1756 nostras
1604 1659 1869 1785 defugisse,

353 1857 481 1948 certe
525 1853 747 1974 equidem
792 1881 888 1947 non
931 1853 1132 1976 ignore,
1174 1855 1394 1976 hancque
1428 1855 1673 1977 segetem,
1710 1855 1867 1950 libello

353 2049 518 2139 nostro
552 2046 847 2164 addendam,
886 2045 1272 2168 diligentioribus
1316 2047 1699 2169 exploratoribus
1733 2048 1872 2141 locu-

353 2238 526 2358 pletem
564 2240 871 2333 vehementer
904 2243 950 2332 et
983 2243 1091 2360 opto
1124 2245 1171 2334 et
1203 2267 1435 2361 auguror.
1469 2239 1754 2357 Tabularia,
1791 2239 1872 2333 ubi

351 2434 654 2554 autographa
701 2433 775 2526 vel
824 2435 1044 2555 exempla
1085 2433 1497 2544 adservabantur,
1541 2433 1687 2528 index
1732 2461 1871 2528 meus

352 2625 584 2744 ostendit3
609 2624 923 2747 diplomatum
946 2625 1300 2749 impressorum
1323 2625 1580 2720 editionem
1604 2625 1871 2748 principem

353 2815 427 2909 rel
462 2815 782 2937 vulgatiorem
816 2815 1009 2910 indicat.
1045 2814 1218 2910 Omnis
1252 2844 1361 2910 mea
1394 2844 1514 2910 cura
1545 2816 1594 2909 in
1628 2818 1718 2911 hoc
1751 2843 1867 2912 ver-

352 3009 456 3101 sata
488 3008 577 3119 est,
605 3011 660 3100 ut
692 3005 909 3102 notitiam
944 3009 1226 3102 chartarum
1260 3009 1556 3129 praeberem,
1592 3007 1862 3131 fontesque,

353 3204 588 3320 quantum
623 3200 815 3321 quidem
849 3199 900 3292 in
922 3229 999 3294 me
1034 3205 1154 3318 erat,
1191 3200 1458 3322 aperirem,
1495 3200 1610 3295 hnic
1644 3200 1728 3295 uni
1761 3200 1872 3295 ani-

351 3417 486 3486 mum
520 3392 745 3511 adiunxi,
772 3394 947 3502 cetera,
971 3394 1018 3486 et
1041 3418 1157 3486 sane
1180 3391 1376 3513 majoris
1402 3389 1656 3502 momenti,
1681 3391 1868 3486 Codicis

353 3579 658 3675 conditorum
693 3579 905 3675 officium
938 3581 1032 3675 erit
1054 3579 1102 3672 (¹).

443 3773 500 3866 ln
555 3773 835 3868 summariis
885 3774 1161 3868 effusiorem
1219 3775 1480 3870 verborum
1532 3775 1718 3869 cultum
1762 3774 1869 3868 evi-

350 3969 489 4071 tans,
532 3965 796 4061 looutiones
856 3969 903 4060 et
946 3968 1209 4078 vocabula,
1278 3993 1398 4087 quae
1453 3973 1684 4088 purgatas
1728 3993 1871 4062 aures

350 4160 562 4278 laedunt,
589 4159 825 4254 demedio
850 4186 945 4253 non
969 4160 1169 4271 sustuli,
1204 4160 1320 4282 quin
1356 4158 1505 4254 immo
1540 4159 1657 4254 locis
1698 4186 1871 4282 gram-

348 4353 575 4448 maticam
598 4352 949 4448 offendentibus
973 4353 1155 4448 mederi
1181 4352 1392 4475 neglexi,
1419 4353 1706 4447 existimans
1739 4352 1871 4447 inte·
1982 4373 1985 4382 ·

400 4805 435 4874 (l)
453 4809 541 4863 Docto
559 4803 625 4862 viro
643 4803 799 4876 eidemque
818 4802 959 4861 familiari
978 4819 1045 4860 meo
1064 4805 1135 4860 baec
1154 4801 1277 4874 scripsi:
1298 4825 1311 4854 «
1329 4807 1398 4860 Non
1417 4807 1596 4860 dincenlicbi
1613 4808 1667 4861 che
1684 4805 1784 4871 saccio
1802 4821 1872 4864 cosa

350 4928 441 4980 modo
460 4929 603 4995 ruodeslo,
621 4940 637 4981 e
654 4928 706 4981 cllo
723 4941 784 4980 non
802 4927 966 4993 risconlrc,
990 4939 1050 4980 uon
1068 4937 1228 4994 carraque,
1246 4938 1307 4979 nou
1325 4925 1444 4979 illustro
1465 4926 1475 4977 i
1493 4927 1674 4982 docorueuli.
1700 4927 1810 4980 Faccio
1829 4941 1871 4980 ua

349 5043 458 5115 indice,
475 5059 490 5100 c
508 5048 609 5100 correi
626 5048 695 5101 dire
712 5061 754 5100 aa
772 5047 944 5100 inventario
962 5047 1040 5099 delle
1058 5049 1143 5100 corte
1156 5045 1327 5112 pubbllcale
1344 5045 1464 5112 fircera,
1482 5058 1498 5097 e
1516 5045 1549 5098 di
1566 5047 1663 5113 quelle
1688 5046 1801 5099 inedito
1819 5047 1871 5099 cle

347 5177 420 5218 aureo
438 5169 544 5218 cortule
561 5179 582 5220 u
599 5167 665 5221 mio
692 5166 816 5234 rzollzio,
839 5166 1003 5220 iudicando
1030 5167 1104 5218 dccc
1129 5165 1157 5218 si
1181 5169 1361 5230 bovonem
1387 5163 1432 5216 cib
1460 5165 1641 5218 ccll'r'nlcnlo
1659 5165 1692 5218 di
1715 5165 1823 5219 uiator
1842 5147 1893 5220 lo'

347 5282 478 5335 studioso
493 5283 548 5336 ebe
565 5283 665 5352 ooplia
683 5283 813 5352 leggerle
825 5296 884 5349 per
901 5283 1017 5337 dialem.
1046 5282 1151 5341 Oucslo
1170 5281 1270 5335 iudice
1287 5279 1411 5349 proceru
1424 5295 1505 5347 pure
1528 5295 1548 5336 u
1568 5296 1774 5349 prouauoocre
1792 5285 1872 5338 allrc

350 5399 484 5454 ricercbe
502 5415 517 5454 c
536 5402 562 5455 le
580 5415 644 5456 coac
662 5405 777 5456 boemo
794 5398 970 5465 scccllmenle
987 5401 1015 5454 si
1027 5405 1181 5467 polrauno
1200 5401 1389 5469 oppiunpere
1407 5402 1449 5456 ud
1467 5414 1537 5456 esce.
1550 5421 1562 5450 a
