4096 6190
451 356 520 420 250
852 350 1048 420 REGESTA
1078 351 1280 420 COMI'I'UM
1309 347 1551 418 sanaunlan

767 843 795 882 .·
883 806 1125 875 12101111.-
1156 803 1320 875 Milites
1352 802 1525 892 Templi.

1029 1001 1116 1068 1244,
1138 1019 1240 1063 menso
1261 1000 1371 1080 Aprili.

466 1154 470 1164 Ι
521 1185 682 1265 Thomas
709 1183 756 1262 de
783 1182 971 1264 sabaudia
997 1208 1122 1263 nomes
1150 1180 1348 1264 Flandriaa
1375 1127 1413 1263 et
1429 1182 1605 1263 Johanna
1623 1181 1817 1263 eomitissa
1839 1184 1944 1264 dona·

445 1306 588 1385 tionem
624 1303 670 1382 ab
704 1301 869 1382 Arnoldo
902 1301 949 1382 de
976 1300 1139 1395 Laudas,
1166 1299 1320 1382 domino
1354 1333 1371 1374 a
1390 1302 1524 1382 d'Esoe
1543 1334 1580 1396 u,
1599 1300 1783 1384 militibus
1811 1301 1943 1406 Templi
2032 1291 2033 1344 ³

447 1423 583 1504 faomm
610 1421 820 1502 confirmat.

604 1591 867 1674 (Rauranum,
889 1591 964 1654 Loo.
987 1589 1040 1654 nit.
1065 1609 1137 1671 pag.
1160 1591 1225 1670 26).

924 2175 1011 2252 1244,
1034 2177 1072 2235 25
1086 2175 1116 2237 d.
1139 2175 1264 2256 Aprilis.
1285 2176 1513 2240 Herbolasihm.

2032 1747 2033 1784 t

2032 1871 2033 1908 t

606 1981 778 2051 Dccxlv.
808 2019 843 2032 —
870 1978 1145 2071 uergat-itha
1172 1978 1223 2050 de
1251 1979 1346 2052 aab.
1377 1981 1487 2054 Gom.
1516 1981 1567 2054 do
1593 1983 1785 2075 Kybnrg.

2032 2315 2033 2372 t

515 2375 764 2457 Berohtoldus
804 2374 998 2479 episeopus
1039 2375 1324 2479 Argentinensis
1363 2375 1563 2456 oonfirmat
1589 2377 1811 2458 donationes
1838 2379 1939 2458 Hart·
2032 2411 2033 2446 a

444 2496 573 2576 manni
592 2495 757 2576 Senioris
775 2494 922 2574 comitis
940 2496 987 2574 de
1006 2493 1173 2600 Kyburg,
1193 2494 1304 2574 factas
1323 2495 1571 2600 Margarithae
1597 2496 1821 2588 comitissae,
1840 2499 1936 2578 uxori

444 2642 543 2708 suae,
569 2614 767 2703 honorum,
793 2640 889 2717 quae
916 2624 1019 2692 tenet
1046 2611 1201 2692 nomine
1229 2613 1329 2694 feudi
1356 2613 1403 2694 ah
1431 2615 1587 2696 aeclesia
1613 2614 1829 2722 Argentina,

599 2783 642 2865 (E
664 2782 703 2843 R.
725 2781 802 2845 st.
824 2780 1023 2857 Taurinonsi,
1046 2782 1188 2845 Matrini.
1212 2783 1367 2860 Pooapt,
1390 2785 1481 2846 Fuso.
1505 2785 1533 2858 1,
1555 2805 1588 2846 n.
1612 2787 1675 2864 12).

758 3173 911 3242 DOGXV.
941 3212 985 3223 -,
1003 3173 1158 3245 Domus
1183 3174 1308 3262 parvi
1335 3176 1374 3246 Β.
1403 3147 1621 3279 Βὸπιιᾳιᾱί.
1692 3114 1701 3134 ⁰
1752 3180 1756 3188 '

878 3366 966 3439 1244,
988 3369 1006 3427 5
1027 3367 1057 3431 d.
1080 3369 1168 3432 Maii.
1191 3370 1262 3432 Ina.
1285 3390 1323 3431 11.
1348 3371 1514 3449 Angustus.

514 3566 703 3648 Amedeus
730 3594 856 3647 eomes
883 3567 1093 3646 Sabaodiae
1120 3579 1158 3647 et
1192 3567 1230 3647 in
1265 3569 1371 3648 ltalia
1411 3569 1578 3650 marchio
1606 3571 1744 3675 aooipit
1771 3573 1811 3652 in
1837 3572 1937 3676 garda
2032 3607 2033 3660 t

440 3715 506 3766 sua
533 3699 571 3766 et
596 3686 822 3788 protectione
850 3687 1061 3790 religiosam
1092 3687 1246 3767 domum
1276 3689 1506 3792 Columpnae
1540 3689 1665 3788 tous,
1698 3692 1936 3796 praecipitque

440 3805 648 3886 castellanis
677 3821 714 3886 et
740 3804 972 3886 mistrnlibus
999 3805 1084 3900 suis,
1103 3807 1204 3909 quod
1223 3812 1341 3910 ipsam
1360 3809 1518 3889 domum
1536 3837 1622 3888 oum
1639 3810 1819 3891 omnibus
1836 3811 1937 3890 rahus
2032 3779 2033 3870 i

438 3931 520 4026 ejus
547 3937 818 4004 manuteneant
843 3937 881 4004 et
906 3924 1117 4005 defendant.
1145 3927 1192 4006 Et
1219 3927 1290 4006 hoo
1318 3927 1398 4006 vult
1424 3929 1462 4008 in
1491 3927 1578 4009 ioris
1604 3944 1642 4010 et
1674 3931 1843 4012 ecelesiis
1875 3957 1932 4032 pu·

439 4043 536 4125 hline
564 4042 755 4146 publicari.

595 4214 638 4295 (E
660 4212 736 4276 aab.
759 4213 885 4295 Hospit.
908 4213 942 4277 S.
966 4214 1039 4276 ora.
1062 4214 1245 4277 Mauritioni
1266 4215 1497 4295 Augeutonais).

837 4608 1009 4678 DCOXVI.
1039 4646 1074 4657 -
1103 4602 1543 4678 comandamento.

1041 4804 1131 4878 1244,
1153 4802 1172 4861 9
1193 4801 1222 4866 d.
1247 4801 1334 4863 Maii.

512 4985 734 5089 Homagium
764 4981 953 5086 Rodulphi
981 4981 1130 5062 comitis
1150 4981 1197 5060 de
1216 4979 1371 5061 Grueria
1390 4981 1501 5060 Petro
1520 4981 1567 5060 de
1585 4981 1778 5063 Sabandia
1796 4983 1929 5062 fantum.

433 5106 563 5184 Petrus
593 5106 639 5183 da
666 5131 770 5185 mera
798 5102 1022 5182 liberalitate
1061 5129 1129 5181 sua
1160 5100 1302 5180 dictum
1337 5112 1503 5179 oestrum
1530 5100 1728 5182 Willelmo
1755 5096 1926 5202 Rodulphi

434 5223 514 5304 filio
541 5224 579 5304 in
609 5223 765 5304 feudum
792 5222 947 5318 confert,
976 5219 1202 5325 quibusdam
1230 5217 1511 5300 conditionibus
1538 5219 1703 5320 adjectis.

593 5395 919 5478 (vinsontionensi,
942 5393 1032 5455 Petri
1051 5391 1098 5454 ΙΙ
1116 5390 1202 5452 Hint.
1226 5388 1333 5465 Prota,
1356 5407 1428 5469 pag.
1452 5390 1502 5464 98,
1523 5388 1601 5451 Doo.
1626 5390 1707 5470 1⁷4).
