4096 6190
535 363 862 430 Testamentum
889 365 1060 431 amausi
1089 365 1133 430 lv

1545 494 1594 504 ..-

483 825 619 893 curvtl.
658 863 704 878 -
736 823 900 895 modo
937 822 994 894 ds
1029 823 1183 897 Bello.

568 1045 658 1118 1252,
680 1048 717 1106 25
739 1045 777 1107 d(
793 1046 938 1124 Augusti.
960 1045 1108 1108 Viennae.

153 1251 276 1330 Drodo
305 1252 351 1329 da
380 1251 481 1330 bello
510 1265 638 1331 cantor
665 1251 845 1331 ecelesiae
874 1251 1102 1332 Viennensis
1129 1279 1150 1332 a
1177 1252 1327 1355 Philipp
1379 1253 1426 1330 de
1462 1251 1593 1332 Savoia

79 1368 274 1470 ancipitia
304 1369 459 1448 lendum
487 1369 649 1448 liberum
679 1369 860 1473 quidquid
884 1369 981 1470 juris
1008 1370 1065 1449 sui
1095 1371 1211 1450 hahet
1237 1281 1595 1541 apuffduannagem

80 1486 174 1566 inter
200 1488 352 1590 Meysen
381 1503 417 1568 et
444 1490 555 1567 Monz
581 1487 690 1591 eique
718 1488 939 1594 homagium
968 1489 1065 1569 lauit.

237 1675 278 1753 (E
301 1673 378 1736 Tab.
402 1675 490 1738 Oam.
518 1675 627 1754 Oomp.
653 1676 971 1755 Gratianopolitanaa‚
995 1677 1086 1740 Edid.
1118 1678 1279 1740 Oraaaaro
1308 1681 1337 1740 at
1364 1679 1489 1740 Paetus
1515 1679 1595 1740 Dae.

160 1771 224 1850 Sip.
248 1773 332 1833 Μοη.
355 1791 425 1851 pag.
449 1773 531 1852 192).

406 2167 562 2234 cltvtll.
589 2205 623 2216 -
653 2167 969 2235 Testamentum
993 2161 1174 2236 Amsdm
1200 2164 1271 2244 w,

547 2385 644 2481 1252,
660 2386 697 2446 19
717 2383 748 2446 d.
770 2385 970 2466 Septembris.
993 2386 1065 2449 Iud.
1089 2405 1124 2448 x.

153 2595 344 2674 Amedeus
372 2599 497 2675 eomes
525 2593 734 2675 sabaudiae
761 2621 875 2674 sanus
904 2605 1043 2689 mente,
1069 2619 1180 2698 aeger
1199 2623 1351 2698 corpore
1371 2593 1459 2676 fauit
1478 2607 1595 2675 testa-

74 2725 250 2792 mentum
279 2741 390 2793 suum
424 2713 734 2817 nuncupativum.
770 2715 816 2793 Et
846 2713 969 2817 primo
1002 2713 1167 2794 instituit
1197 2713 1431 2796 Bonilaaium
1470 2712 1593 2794 lilium

71 2859 186 2910 suarm
216 2832 397 2913 heredem
426 2832 463 2912 in
493 2831 671 2913 omnibus
698 2831 810 2912 honis
837 2832 915 2914 suis
943 2831 1013 2912 suh
1042 2833 1159 2913 tutela
1187 2833 1355 2914 Thomas
1383 2833 1507 2913 fratris
1526 2833 1596 2912 sui.

71 2949 111 3029 Si
142 2949 357 3030 Bonil'aeius
385 2952 583 3032 decederet
610 2952 691 3030 sine
718 2950 857 3030 herede
885 2952 1073 3044 masculo,
1102 2952 1287 3032 Thomam
1318 2953 1363 3032 de
1404 2950 1594 3032 Sabaudia

72 3068 280 3164 comitem,
313 3071 465 3149 fratrem
505 3071 622 3173 ipsius
657 3067 841 3166 Amedei,
878 3070 1057 3150 heredem
1095 3071 1299 3151 substituit.
1327 3069 1535 3150 Beatriaem
1563 3099 1599 3173 q.

72 3216 231 3268 taxarem
262 3190 445 3269 lilanlredi
474 3191 556 3291 (ΙΙΙ)
584 3189 814 3269 marchionis
842 3189 1085 3282 Salntiarum,
1104 3201 1141 3268 et
1167 3191 1413 3293 llargaretam
1444 3215 1595 3269 uxorem

69 3307 259 3388 Bonilaeii
279 3310 313 3388 ll
334 3309 563 3390 marchionis
583 3308 859 3404 Montislerrati,
880 3308 989 3401 filias,
1010 3308 1167 3388 heredes
1187 3309 1412 3410 instituitin
1435 3307 1598 3400 dotibus,

69 3456 171 3530 quas
199 3455 264 3531 pro
284 3427 337 3508 eis
356 3427 556 3532 praedietis
575 3427 860 3520 marchionibus
880 3427 994 3524 dedit,
1012 3443 1050 3506 et
1067 3456 1180 3508 omne
1208 3428 1373 3534 legatum
1403 3427 1461 3508 vel
1480 3430 1598 3509 dona-

69 3547 233 3640 tionem,
263 3547 293 3626 si
322 3575 434 3649 quam
463 3535 560 3638 l'eeit,
580 3561 745 3627 revocat:
765 3546 948 3627 Caeciliae
975 3547 1079 3628 uxori
1107 3575 1196 3627 snae
1225 3547 1322 3652 legat
1346 3546 1392 3626 ed
1413 3547 1598 3634 vitamet

69 3665 169 3744 dum
198 3665 279 3744 sine
307 3666 442 3746 marito
470 3666 627 3762 steterit,
657 3679 794 3744 terram
822 3692 934 3776 quem
965 3677 1076 3772 tenet.
1106 3657 1261 3746 Vult'et
1291 3665 1470 3770 praeeipit
1496 3665 1596 3768 quod

67 3782 225 3864 Beatrix
251 3783 330 3864 iilia
356 3811 424 3863 sua
452 3785 576 3865 minor
601 3784 716 3864 intret
753 3783 1024 3865 monasterium
1059 3785 1263 3864 Bituminis
1299 3797 1336 3865 at
1368 3785 1516 3865 ibidem
1548 3785 1598 3865 sit

68 3901 264 3982 monialis.
293 3903 335 3982 ln
364 3904 436 3985 hoe
463 3903 688 3984 monasterio
715 3904 942 4008 sepulturam
972 3931 1076 3983 suam
1107 3903 1224 4008 eligit,
1253 3904 1363 4007 eique
1392 3905 1492 4009 leget
1518 3932 1598 3984 mo·

67 4021 243 4111 lendina‚
280 4048 374 4123 quae
416 4022 529 4103 habet
564 4023 663 4126 apud
699 4022 1004 4112 Cambariauum3
1039 4023 1167 4103 omnia
1198 4022 1496 4125 vayssalamenta
1530 4050 1597 4101 sua

67 4166 192 4220 aurea
219 4151 257 4217 at
283 4157 460 4246 argentea
488 4155 525 4221 et
552 4169 685 4222 omnes
725 4141 886 4220 annulos
912 4167 999 4220 suos
1027 4155 1064 4220 et
1091 4142 1218 4220 umnia
1252 4140 1426 4233 monilia,
1454 4152 1599 4246 praeter

64 4285 249 4362 grossum
286 4259 493 4349 annulum,
514 4288 625 4363 quern
665 4262 780 4340 donat
814 4275 852 4339 et
888 4259 1045 4340 dimittit
1079 4260 1272 4340 Bonil'aeie
1308 4260 1388 4340 filio
1414 4287 1497 4339 suo.
1529 4259 1596 4340 Se-

66 4387 248 4481 quuntur
274 4377 346 4458 alia
374 4378 494 4484 legata
521 4380 750 4482 quibusdam
788 4378 954 4460 ecelesiis
981 4407 1046 4482 pru
1073 4379 1242 4462 remedio
1270 4381 1418 4460 animae
1445 4405 1534 4459 suae
1562 4391 1603 4459 et

67 4507 291 4599 parentum.

158 4634 305 4713 Testes:
332 4633 498 4712 dauohrrs
525 4633 642 4712 ahhas
681 4633 880 4727 Seeusiae,
915 4634 1079 4712 Thomas
1113 4662 1249 4730 comae,
1286 4635 1519 4715 Humhertus
1553 4636 1599 4716 de

65 4750 262 4853 Seysello,
288 4752 534 4835 dominnsii.
564 4752 677 4831 lrater
704 4759 796 4854 ejus,
826 4750 1057 4834 Guillermus
1076 4752 1286 4855 Phelastey‚
1306 4754 1532 4858 Rostagnius
1552 4755 1598 4834 de

64 4869 383 4960 Montemeliano,
411 4872 522 4974 Hugo
551 4872 597 4949 de
626 4871 830 4966 Curianus,
859 4869 1089 4951 Guillermus
1117 4871 1163 4949 de
1191 4873 1330 4973 (layna,
1366 4872 1597 4974 Guillermus

64 4991 121 5069 de
155 4988 372 5092 Coteyardis
400 4999 437 5068 et
464 4987 527 5068 alii
554 4990 632 5069 lide
661 4988 777 5093 digni.

240 5174 282 5256 (E
303 5176 342 5236 R.
366 5175 443 5238 Tab.
467 5175 660 5238 Taurinansi.
685 5177 894 5251 Gerasenos,
916 5173 1004 5239 Hiar.
1033 5177 1121 5252 θαι,
1145 5177 1291 5251 Praenes,
1313 5196 1383 5258 pag.
1407 5179 1471 5258 69).
