4096 6190
424 331 492 396 272
829 329 1025 400 REGESTA
1052 331 1255 400 OOMITUM
1283 331 1526 402 nouaculam

418 567 568 673 reginae
595 567 772 673 Angliae.
800 569 921 672 neptis
948 568 1064 673 ipsius
1092 568 1279 666 Thomae;
1307 581 1354 663 et,
1389 569 1419 650 si
1454 570 1652 651 decederet
1685 569 1767 651 sine
1802 570 1918 654 liberis

420 686 606 783 masculis,
634 688 844 769 haereditas
872 688 916 768 ad
940 687 1202 792 proximiorem
1229 687 1275 768 de
1303 715 1439 793 genere
1469 688 1681 769 Sabaudiae
1708 689 1917 771 revolvatur.

492 807 637 886 Deinde
664 807 852 910 praecipit,
881 807 987 887 utin
1014 807 1110 887 valle
1138 806 1314 887 Soblonis
1335 813 1381 908 (l)
1408 829 1517 910 supra
1544 808 1791 904 Pinerolium,
1812 808 1913 888 velin

419 925 499 1004 loco
526 925 647 1030 magis
673 924 902 1029 competenti
929 927 968 1006 in
995 938 1093 1005 terra
1119 952 1186 1004 sua
1214 925 1350 1006 domus
1369 925 1519 1007 Ordinis
1546 925 1826 1007 Canthusiensis
1844 953 1918 1006 cou-

417 1054 592 1124 struatur.
619 1044 835 1146 Sequuntur
861 1044 1044 1147 quaedam
1071 1043 1193 1148 legata
1232 1045 1302 1148 pia.
1330 1043 1514 1147 Denique,
1542 1072 1628 1125 cum
1661 1044 1821 1124 haberet
1848 1073 1918 1147 pro·

417 1161 579 1264 positum
597 1163 711 1243 eundi
732 1163 770 1242 in
797 1162 1011 1244 subsidium
1039 1163 1172 1242 Terrae
1200 1164 1372 1259 Sanctae,
1399 1165 1531 1243 decem
1553 1163 1693 1244 milites
1722 1163 1917 1258 mittantur,

419 1281 477 1360 vel
504 1280 607 1360 aliud
633 1281 701 1362 liat
726 1309 792 1384 pro
819 1280 1058 1362 eleemosina.

490 1401 713 1481 Executores
741 1401 850 1505 Hugo
869 1400 915 1480 de
936 1401 1073 1480 Sancto
1099 1401 1311 1480 Theudoria
1330 1400 1550 1498 Cardinalis,
1571 1401 1764 1506 Philippus
1782 1402 1920 1482 Electus

417 1518 694 1623 Lugdunensis,
715 1518 932 1622 Rodolphus
960 1519 1110 1598 Electus
1137 1519 1444 1614 Tarantasiensis‚
1464 1523 1574 1625 Hugo
1602 1520 1677 1624 Gap
1699 1523 1917 1623 praepositus

415 1637 691 1744 Augustanus,
720 1637 909 1718 Thealdus
944 1637 1198 1719 Leodiciensis
1231 1638 1541 1737 archidiaconus,
1570 1639 1747 1744 magister
1779 1639 1917 1718 Weuil-

420 1755 562 1835 lermus
601 1756 647 1836 de
676 1757 839 1836 Surrone
867 1756 1037 1837 officialis
1064 1757 1339 1862 Lugdunensis
1367 1758 1546 1863 magister
1569 1757 1764 1838 lohannes
1791 1757 1916 1858 Capelli

417 1871 619 1954 canonicus
646 1873 859 1978 Burgensis,
877 1875 1052 1978 magister
1071 1875 1200 1954 Petrus
1220 1876 1266 1955 de
1284 1875 1552 1957 Chamberiaco
1571 1874 1727 1956 clericus
1748 1876 1916 1956 Thomna.

573 2024 613 2104 (Ε
636 2023 675 2086 Β.
699 2025 776 2088 Tot).
800 2024 995 2088 Taurinensi.
1020 2025 1229 2100 Gvrcnnrvon,
1251 2025 1337 2090 Heu.
1369 2028 1443 2092 aas.
1468 2027 1619 2102 moso,
1640 2047 1711 2108 pag.
1734 2030 1799 2106 97).

621 2350 878 2420 ccccxxxlx.
910 2391 945 2402 -
973 2350 1097 2421 Prior
1123 2349 1315 2442 Burgetl,
1344 2349 1524 2421 'thomas
1551 2349 1601 2421 de
1629 2349 1724 2422 fieb.

849 2547 937 2618 1248,
959 2547 992 2606 in
1013 2546 1090 2607 lauto
1113 2547 1145 2606 S.
1169 2545 1342 2607 Laurentii.
1364 2543 1434 2606 Ind.
1458 2564 1506 2606 vu.

491 2729 623 2808 Petrus
650 2727 775 2809 Abbas
808 2729 991 2833 prioratus
1018 2727 1180 2832 Burgeti‚
1216 2727 1474 2808 consentiente
1507 2728 1642 2808 abbate
1678 2730 1913 2820 Cluniacensi

417 2846 563 2926 volente
591 2860 628 2926 et
653 2861 806 2952 rogante
843 2849 1008 2927 Amedeo
1043 2847 1180 2927 comite
1214 2846 1435 2940 Sahaudiae,
1473 2847 1646 2928 concedit
1676 2848 1838 2928 Thomae
1874 2850 1911 2928 de

420 2964 609 3046 Sabaudia
628 2965 755 3046 comiti
775 2967 988 3046 facultatem
1008 2964 1232 3047 aedificandi
1252 2967 1407 3045 domum
1427 2983 1463 3046 et
1477 2966 1612 3046 vivaria
1631 2965 1669 3046 in
1696 2967 1911 3070 possessione

417 3085 598 3186 prioratus
617 3085 780 3190 Burgeti‚
799 3085 870 3166 sub
889 3086 1115 3179 conditione,
1139 3099 1179 3163 ut
1192 3084 1354 3164 Thomas
1379 3111 1503 3164 comes
1531 3085 1731 3167 duodecim
1749 3086 1904 3166 denarios

417 3205 608 3284 censuales
635 3204 793 3310 singulis
821 3206 930 3286 nuruis
958 3205 1132 3307 prioratui
1173 3203 1323 3308 Burgeti
1351 3203 1493 3284 solvere
1526 3216 1707 3299 teneatur,
1735 3215 1771 3284 et
1795 3206 1838 3285 de
1861 3205 1907 3308 pi·

416 3323 531 3402 scaria
559 3322 782 3403 vivariorum
811 3353 965 3405 suorum
1002 3324 1142 3404 ibidem
1180 3325 1371 3414 factorum,
1398 3324 1437 3403 in
1465 3349 1563 3403 anno
1590 3323 1691 3426 qnod
1715 3331 1849 3425 justum
1872 3338 1903 3402 et

417 3440 620 3522 honestum
648 3442 769 3534 luerit,
798 3444 951 3523 nomine
979 3443 1146 3522 decimae
1175 3441 1371 3544 persolvat.

493 3561 643 3640 Testes:
671 3563 852 3642 Ricardus
880 3563 925 3641 de
960 3564 1152 3655 Musneto,
1180 3560 1379 3640 Vauterius
1414 3561 1460 3640 de
1497 3560 1711 3654 Chamossi,
1737 3563 1901 3640 Amedeus

417 3679 463 3758 de
490 3678 710 3775 Ginilliaco,
739 3681 870 3761 Petrus
898 3681 944 3759 de
971 3681 1157 3774 Turnone‚
1186 3682 1306 3780 Aymo
1332 3679 1378 3760 de
1405 3679 1604 3770 Bordellis‚
1629 3679 1761 3760 Petrus
1787 3679 1899 3782 Capel-

415 3795 523 3878 lanus
549 3798 711 3905 Burgeti‚
737 3799 967 3880 Willielmus
994 3798 1209 3879 Chevoluto.

492 3919 682 3998 Amedeus
711 3918 875 3999 notarius
904 3917 1060 3999 Comitis
1088 3916 1243 4020 scripsit.

583 4072 620 4148 (E
643 4072 718 4133 Tab.
743 4073 901 4135 Prioratue
922 4072 1061 4149 Burgeti.
1086 4071 1294 4142 Garunnam«,
1316 4071 1402 4132 Heu.
1436 4071 1510 4133 Gen.
1534 4072 1682 4144 Pronoea,
1708 4089 1777 4150 pag.
1800 4072 1853 4146 91).

600 4361 750 4468 Deculo.
783 4438 814 4446 -
842 4393 1055 4466 madeus
1082 4393 1143 4466 1v
1171 4397 1215 4464 et
1241 4392 1400 4465 'rhome
1427 4393 1476 4464 de
1506 4391 1734 4463 sabaudia.

816 4596 905 4665 lale,
926 4595 943 4651 8
966 4591 1163 4670 Septembris.
1188 4591 1257 4651 Ind.
1282 4609 1343 4650 vn.
1367 4589 1523 4652 Vercellis.

484 4779 708 4870 Fridericus‚
737 4779 992 4856 Rornanorum
1020 4759 1233 4878 imperator.
1261 4774 1428 4854 Amedeo
1455 4771 1581 4852 couniti
1610 4773 1657 4852 de
1677 4771 1896 4853 Sabaudiaet

412 4899 539 4979 comiti
579 4895 779 4977 Tlromasio
820 4896 867 4974 de
908 4895 1094 4975 Sabaudia
1136 4894 1237 4973 lratri
1267 4900 1347 4994 ejus
1381 4903 1597 4993 potestatem
1626 4891 1795 4972 concedit
1818 4887 1895 4990 paris

412 5020 509 5099 iuter
536 5045 576 5096 se
603 5031 640 5094 et
667 5017 869 5095 Summum
897 5013 1120 5094 Pontificem
1150 5009 1372 5102 tractandae,
1402 5011 1610 5088 secundum
1646 5009 1800 5088 formam
1826 5005 1894 5110 ipsis

413 5165 498 5218 ase
526 5138 663 5217 datam.

570 5289 609 5370 (E
632 5288 670 5348 R.
694 5288 769 5349 ch.
793 5285 988 5355 Taurinam,
1015 5285 1153 5345 Trottatt
1175 5283 1314 5354 diuersi,
1338 5282 1427 5343 Fuso.
1451 5281 1479 5354 1,
1503 5281 1681 5352 cinnamo.
1706 5281 1806 5345 Storia
1830 5277 1894 5337 dello

492 5387 575 5449 Mors.
598 5387 631 5446 dt
654 5385 741 5457 Sca,
764 5384 853 5445 Tum.
876 5383 922 5454 11,
945 5402 976 5461 p.
1001 5383 1063 5458 52).
