4198 6190
477 303 522 368 64
876 303 1072 372 undussa
1100 302 1303 372 OOMITUM
1332 305 1578 374 SABAUDIAE

711 773 914 840 CLXXVIII.
945 810 980 820 --
1008 769 1225 841 Ecclesiae
1254 769 1519 857 nepotianus
1549 769 1738 844 donatio.

878 985 966 1058 1075,
990 1005 1090 1046 manoe
1110 985 1205 1062 Majo.
1228 983 1300 1046 1nd.
1326 1004 1406 1047 xur.
1431 984 1577 1064 Repellia.

542 1183 720 1264 Adelaida
748 1183 939 1264 comitissa
966 1183 988 1263 l.
1016 1185 1207 1286 quondam
1238 1183 1421 1264 llanlrodi
1457 1183 1686 1264 marchionis
1714 1186 1749 1264 S.
1778 1183 1917 1266 Mariae
1946 1199 1977 1262 et

467 1301 678 1384 &loannis
697 1304 928 1406 Repellensis
956 1317 993 1384 et
1012 1305 1181 1409 Gargano
1201 1303 1408 1408 presbitero
1428 1302 1671 1384 donationem
1695 1304 1862 1408 capellae
1891 1332 1976 1406 quae

466 1420 536 1501 sita
562 1433 618 1501 est
646 1423 803 1528 llepelli,
833 1425 877 1502 ad
900 1424 1032 1526 pedem
1063 1425 1202 1504 montis
1221 1425 1327 1516 Brac,
1347 1451 1367 1501 a
1389 1423 1582 1504 Manlredo
1610 1437 1714 1527 patre
1740 1451 1809 1505 suc
1836 1423 1976 1518 factam,

470 1552 510 1619 ut
537 1539 587 1621 ibi
615 1557 757 1646 septem
786 1543 995 1622 sacerdotes
1023 1544 1101 1622 Deo
1129 1541 1266 1622 servire
1303 1542 1503 1634 deberent,
1541 1543 1760 1630 confirmnt3
1795 1559 1977 1646 praeterea

469 1659 585 1740 donat
610 1661 775 1740 decimas
803 1661 916 1740 totius
944 1660 1119 1741 territorii
1142 1660 1385 1765 Repellensis
1406 1689 1538 1739 omnes
1559 1689 1694 1740 causus
1721 1660 1896 1754 dominii,
1923 1661 1977 1763 qui

469 1779 691 1860 nominatim
713 1782 964 1884 designantur,
983 1809 1114 1860 omnes
1133 1780 1298 1860 decimas
1320 1779 1484 1859 nemoris
1504 1781 1748 1882 Staplrardae‚
1769 1793 1807 1858 et
1834 1781 1975 1861 fodrum

466 1896 670 2001 imperiale,
698 1901 793 1980 idest
819 1901 1080 1992 comestiones,
1108 1898 1347 2004 albergarias
1369 1899 1535 1994 fornum,
1563 1897 1708 2002 paleam
1737 1915 1806 1978 etc.
1826 1899 1977 2001 Insuper

466 2017 581 2096 donat
599 2019 692 2098 duos
712 2047 874 2112 mansos,
894 2019 1055 2098 alterum
1076 2018 1122 2097 ad
1142 2021 1178 2098 S.
1196 2019 1223 2098 F
1227 2018 1502 2111 rontiniauum,
1523 2018 1686 2096 alterum
1711 2019 1748 2098 in
1771 2018 1976 2106 Villaoova,

464 2165 576 2238 qoem
605 2135 706 2218 lilius
727 2138 885 2219 Ariberti
906 2137 1137 2217 vicecomitis
1158 2137 1335 2241 possedit,
1352 2151 1389 2216 et
1410 2151 1525 2216 totum
1555 2151 1692 2216 terram
1716 2138 1815 2216 inter
1837 2138 1974 2218 Padum

465 2269 502 2332 et
527 2256 754 2348 Borundam,
781 2258 910 2338 subter
938 2258 1036 2338 viam
1064 2286 1084 2338 a
1112 2257 1205 2336 vado
1233 2255 1318 2359 padi
1346 2283 1463 2359 usque
1492 2257 1694 2343 Brundam.
1714 2285 1810 2360 quae
1840 2257 1899 2337 via
1925 2273 1975 2336 est

465 2403 573 2455 secus
599 2377 797 2458 ecclesiam
827 2380 861 2458 S.
890 2378 1028 2458 Mariae
1056 2378 1102 2457 de
1129 2375 1379 2457 Phardesau'a.
1409 2377 1579 2478 Denique
1600 2380 1772 2482 Gargano
1800 2375 1977 2456 sacerdoti

465 2509 501 2572 ut
528 2498 809 2578 successoribus
838 2505 918 2599 ejus
947 2513 983 2576 et
1011 2497 1099 2578 huie
1127 2496 1367 2600 capellaniae,
1394 2524 1415 2574 a
1442 2496 1593 2576 Tlraner
1625 2495 1742 2598 fluvio
1772 2524 1837 2600 per
1867 2511 1977 2578 totum

462 2615 653 2711 Oiradum,
670 2615 891 2697 Adelaidam
922 2617 1065 2706 lauisse,
1093 2615 1230 2719 scripto
1259 2615 1464 2696 memoriae
1492 2615 1759 2695 commendare
1787 2615 1973 2718 praecipit.

539 2737 575 2814 S.
595 2736 808 2816 Adelaidne.
829 2735 1031 2816 Anselmus
1051 2736 1269 2825 vicecomes,
1290 2736 1430 2816 Ot·Oca
1452 2735 1659 2815 vicecomes
1687 2734 1733 2814 de
1766 2734 1971 2818 baratonia.

466 2853 644 2934 albulus
681 2855 727 2934 de
764 2857 947 2950 'Venasca
978 2857 1042 2934 W.
1071 2856 1235 2960 Ungues,
1262 2859 1308 2934 tlt
1335 2857 1381 2934 de
1415 2857 1539 2934 Moror.
1567 2867 1636 2934 etc.
1672 2883 1703 2955 p.
1731 2854 1780 2932 de
1805 2855 1976 2944 Venator,

467 2974 657 3053 Masclreru
679 2976 725 3054 de
746 2975 907 3055 llacunis
926 2991 994 3054 etc.

511 3094 660 3172 llrunus
688 3111 811 3174 scotus
842 3095 1024 3194 palatinus
1054 3094 1219 3173 notarius
1247 3093 1403 3195 scripsit.

617 3265 840 3342 (Obartarium
865 3267 1020 3338 Ulciocse,
1045 3266 1152 3327 Obart.
1178 3265 1244 3338 XO,
1269 3283 1341 3343 pag.
1368 3267 1438 3343 85).

791 3675 962 3742 CLXXIX.
1002 3713 1046 3724 —
1084 3671 1390 3742 nonasterium
1417 3669 1639 3741 Plncrclll.

905 3887 994 3959 1075,
1019 3889 1054 3945 21
1079 3885 1158 3946 Julii
1179 3884 1250 3945 Iud.
1276 3903 1352 3945 xm.
1376 3885 1542 3947 Pinarolii.

533 4071 730 4162 Adalascia
757 4082 946 4164 comitissa
976 4085 996 4161 l'.
1025 4085 1219 4186 quondam
1253 4085 1475 4189 Maginl'rodi
1516 4085 1747 4165 marchionis
1775 4099 1862 4180 etc,
1897 4086 1975 4188 lege

459 4200 581 4281 vivens
608 4203 731 4290 salica,
760 4205 988 4283 monasterio
1015 4206 1050 4283 S.
1080 4201 1237 4298 Mariae,
1265 4218 1480 4284 constructo
1516 4205 1555 4284 in
1595 4205 1676 4284 vico
1703 4205 1911 4296 Pinariolo,
1939 4203 1972 4283 in

458 4319 539 4399 loco
567 4321 631 4424 qui
659 4320 797 4401 dicitur
823 4324 859 4401 S.
891 4320 1039 4412 Verani,
1066 4323 1125 4402 cui
1158 4337 1302 4425 praeest
1338 4323 1539 4429 Agiuullus
1568 4323 1701 4418 abbas,
1730 4323 1846 4404 donat
1873 4351 1972 4402 man·

456 4467 540 4519 sum
569 4441 616 4519 ad
644 4440 900 4532 medietatem,
929 4441 1043 4520 situm
1072 4441 1111 4520 in
1142 4442 1220 4520 vico
1247 4441 1454 4540 Pinariolo;
1484 4442 1727 4522 medietatem
1749 4443 1795 4521 de
1817 4455 1974 4521 mercato

458 4587 533 4640 uno
560 4573 745 4640 costructo
766 4562 803 4640 in
825 4559 904 4640 vico
927 4559 1113 4640 Pinariolo
1132 4561 1229 4640 circa
1248 4560 1446 4641 ecclesiam
1467 4564 1502 4642 S.
1534 4561 1668 4642 Donati
1698 4590 1785 4641 eum
1817 4561 1973 4652 teloneo,

457 4679 560 4760 omni
589 4681 853 4772 reddibitioue,
882 4709 998 4760 censu
1013 4695 1084 4760 etc.
1108 4679 1272 4761 Traditio
1302 4682 1344 4760 lit
1373 4709 1437 4783 per
1464 4681 1661 4762 cultellum
1681 4695 1750 4761 etc.
1771 4726 1807 4737 -
1827 4681 1862 4762 S.
1882 4680 1971 4760 Ada-

460 4799 578 4880 laxiae
606 4814 645 4880 et
671 4799 836 4882 testium.

532 4921 697 4999 ‚loannes
727 4921 893 4999 notarius
921 4933 958 4998 et
980 4919 1097 5018 judex
1126 4919 1284 5022 scripsit.

616 5090 659 5170 (ll
680 5091 718 5150 R.
743 5090 818 5152 Tab.
843 5089 1049 5170 lauriacum,
1074 5090 1217 5152 Albesia
1237 5091 1272 5152 dl
1295 5091 1455 5164 Plncrclo,
1474 5091 1597 5152 Fascio.
1618 5091 1654 5161 I,
1684 5109 1718 5151 n.
1742 5093 1772 5151 1.
1801 5090 1848 5152 Μ.
1870 5089 1914 5151 Η.
1936 5087 1971 5148 P.

541 5189 647 5250 Chart.
671 5188 707 5258 1,
731 5188 790 5248 col.
815 5189 898 5264 645).
