4096 6190
644 387 701 454 DE
729 387 1018 455 cumutamus

336 797 513 878 GMbXIV.
550 847 599 859 -
632 807 806 879 Patrue
843 803 1001 898 (tutto
1037 802 1115 875 det
1149 803 1326 878 villar.

432 993 522 1077 1240,
545 1001 576 1066 da
600 1003 638 1063 16
658 1000 816 1065 Juccarii.
838 1000 932 1081 Apud
951 1001 1076 1079 aquam
1097 999 1230 1062 Battum.

146 1177 278 1260 Petrus
305 1177 425 1285 Guigo
451 1173 514 1260 del
540 1179 661 1262 Villcr
687 1179 811 1276 solvit,
837 1180 986 1288 guerpit
1011 1192 1050 1260 et
1076 1178 1234 1262 dimittit
1259 1179 1432 1263 Amedeo
1452 1181 1501 1262 IV
1527 1208 1591 1261 oo-

76 1297 158 1379 miti
175 1297 386 1386 sabaudiae
413 1309 451 1379 et
476 1297 686 1382 marchioni
714 1299 753 1380 in
777 1299 881 1385 ltalia
900 1326 1014 1380 omne
1033 1298 1204 1398 feudum,
1224 1298 1590 1404 herbergimentum

75 1433 222 1510 terram,
239 1444 466 1523 possessum,
483 1441 597 1523 quam
625 1417 741 1500 habet
768 1417 865 1499 intra
891 1417 1168 1511 Macrianum,
1187 1427 1225 1499 et
1250 1417 1289 1499 in
1317 1416 1503 1500 territorio
1529 1417 1588 1498 del

77 1535 205 1617 Villar.

147 1657 283 1738 Actum
310 1657 410 1762 apud
439 1659 587 1762 Aquam
614 1656 761 1738 Bellum
787 1656 827 1738 in
854 1657 967 1738 domo
997 1655 1167 1764 Hugonis
1194 1656 1353 1764 Rotagii.

149 1777 295 1858 Testes:
322 1776 524 1858 villelmus
550 1771 745 1869 Belliforti,
770 1775 973 1858 Villelmus
998 1776 1180 1872 Borelius,
1197 1777 1330 1857 Petrus
1356 1775 1403 1856 de
1429 1774 1591 1880 Alingio

74 1895 303 1978 Anthelmus
330 1897 378 1979 de
405 1899 568 1994 Tornon,
591 1896 713 2001 Aymo
739 1894 787 1976 de
814 1897 987 1993 Cernere,
1005 1894 1201 1976 Johannes
1228 1895 1275 1976 de
1301 1895 1577 1976 Ultramontem

148 2016 312 2098 Jacobus
339 2018 377 2097 Sa
404 2016 537 2097 Palatii
566 2019 604 2095 et
629 2015 779 2095 com-itis
806 2015 1018 2096 Sabaudiee
1046 2015 1214 2095 notarius
1241 2015 1400 2119 scripsit.

247 2170 287 2250 (a
308 2169 347 2232 n.
372 2169 451 2234 rau.
473 2168 670 2233 naumann.
692 2167 842 2232 noema
861 2169 900 2234 ee
920 2168 1123 2245 nauem,
1146 2169 1268 2248 aava
1288 2170 1325 2243 4;
1351 2168 1467 2242 vator,
1489 2186 1522 2229 n.
1546 2169 1591 2249 1).

458 2519 617 2590 OMLXV.
655 2555 701 2572 -
736 2519 798 2590 Dc
840 2517 1219 2593 cumanum.

515 2715 605 2792 lata,
621 2715 652 2780 d.
668 2717 687 2778 7
701 2713 821 2778 Martii.
837 2717 933 2798 Apud
949 2717 1155 2788 scillacium.

690 2863 743 2930 <cc
761 2861 826 2925 noe.
843 2865 995 2939 cccxx).

151 3035 222 3116 0to
248 3033 491 3116 Falconerius
517 3046 556 3116 et
581 3035 752 3116 Sanchoz
780 3041 825 3133 (t)
854 3049 892 3116 et
917 3037 1049 3118 Petrus
1076 3039 1124 3118 de
1151 3037 1421 3136 (lumbarium,
1448 3039 1591 3135 fratres,

68 3153 220 3238 Jacobo
246 3152 374 3235 abbati
401 3151 655 3256 (Secusiensi)‚
689 3152 883 3258 recipienti
919 3156 1076 3239 nomine
1109 3168 1147 3238 et
1182 3156 1262 3238 vice
1289 3157 1496 3246 illustrium
1530 3186 1592 3240 co·

70 3275 215 3356 mitum
254 3272 412 3354 Amedei
450 3272 600 3360 comitis
640 3273 851 3362 sabaudiae
884 3286 922 3356 ct
957 3277 1124 3359 Thomas
1157 3277 1306 3358 comitis
1338 3276 1593 3376 Flandrensis,

69 3391 335 3476 venditionem
362 3404 400 3473 et
425 3390 685 3474 investituram
704 3386 848 3474 faciunt
865 3394 912 3477 de
931 3395 1133 3477 medietate
1159 3397 1269 3478 castri
1296 3408 1335 3477 et
1354 3395 1464 3481 villae
1482 3399 1594 3481 Com·

68 3513 257 3595 bavianae
277 3523 321 3594 ‘et
348 3513 462 3593 totius
494 3511 683 3609 territorii,
717 3539 805 3593 cum
840 3513 945 3595 omni
973 3514 1239 3617 jurisdictione
1272 3514 1443 3598 districtu
1480 3545 1594 3600 vena·

69 3632 256 3727 tionibus,
284 3630 553 3735 piscationibus
580 3631 717 3713 bannis
745 3632 952 3734 majoribus
979 3642 1018 3714 et
1043 3634 1256 3716 minoribus
1282 3647 1352 3716 eto.
1418 3663 1424 3675 ·

151 3753 201 3832 Et
225 3775 293 3854 pro
319 3750 390 3830 hac
416 3750 634 3832 venditione
660 3751 818 3833 confessi
846 3763 936 3833 sunt
961 3779 1003 3834 se
1029 3753 1213 3835 babuisse
1245 3772 1283 3835 et
1313 3755 1499 3861 recepisse
1527 3757 1594 3838 tri·

68 3872 182 3978 ginta
214 3868 286 3951 tria
319 3868 424 3950 milia
453 3870 661 3951 solidorum
695 3881 733 3950 et
759 3871 1035 3970 (dimidiumtt
1063 3873 1229 3956 solidum
1262 3875 1385 3957 bonae
1419 3888 1594 3958 monetae

69 3988 338 4074 secusinorum
373 4016 568 4071 novorum.
602 3989 723 4085 Quam
763 3990 1020 4073 venditionem
1061 3991 1284 4097 promittunt
1322 3995 1525 4078 defendere
1558 4010 1595 4078 et

69 4119 300 4194 mantenere
335 4108 383 4190 ab
419 4108 525 4190 omni
558 4135 720 4213 persona
753 4110 826 4189 snb
861 4135 958 4214 pena
984 4111 1101 4216 dupli,
1129 4123 1168 4192 et
1195 4113 1226 4193 si
1254 4113 1292 4192 in
1321 4114 1451 4218 aliquo
1473 4116 1594 4196 dictae

67 4257 135 4311 res
169 4228 314 4310 dictum
348 4228 515 4332 precium
550 4227 787 4325 excederent,
815 4230 1036 4311 renuntiant
1069 4230 1124 4313 illi
1159 4231 1347 4339 legique
1379 4245 1531 4315 cavetur
1563 4234 1593 4315 si

69 4345 248 4430 venditio
275 4347 429 4430 excedat
456 4347 552 4427 ultra
580 4347 822 4428 medietatem
847 4349 939 4450 justi
966 4350 1080 4452 precii
1108 4365 1176 4430 cto.
1211 4350 1308 4432 Dicti
1342 4379 1429 4433 vero
1463 4355 1595 4434 vendi-

69 4482 180 4550 tores
205 4466 493 4572 resigneverunt
518 4477 596 4544 tam
625 4465 866 4548 medietatem
894 4468 985 4549 dicti
1012 4468 1122 4550 castri
1149 4480 1188 4550 et
1218 4470 1339 4568 villae,
1366 4498 1480 4575 quam
1509 4499 1594 4554 me·

70 4588 263 4668 dietatem>
286 4585 408 4666 tocius
430 4584 714 4687 jurisdictionis,
743 4597 782 4666 et
807 4587 1031 4692 generaliter
1057 4601 1178 4670 totum
1206 4589 1363 4670 feudum
1392 4590 1446 4672 eis
1480 4592 1595 4696 perti-

68 4705 251 4795 neusin
279 4703 462 4786 manibus
484 4705 629 4785 domini
659 4705 816 4787 Rosterii
845 4706 1047 4788 Castellani
1073 4707 1266 4800 Avillanic,
1293 4709 1487 4812 recipienti
1515 4711 1595 4792 vicc

67 4839 110 4906 et
140 4823 300 4908 nomine
326 4822 511 4906 dictorum
540 4823 733 4904 comitum.
761 4825 831 4918 Qui
860 4825 1017 4921 ibidem,
1043 4827 1210 4930 ipsorum
1240 4828 1395 4909 nomine
1421 4844 1460 4910 et
1485 4858 1594 4911 mon-

69 4945 181 5040 dato,
198 4942 399 5026 dominum
421 4942 607 5024 Jacobnm
636 4943 812 5024 abbatem
838 4945 885 5025 de
913 4943 1066 5026 Secusic
1087 4947 1134 5026 de
1155 4946 1215 5028 his
1233 4947 1413 5030 omnibus
1431 4950 1596 5046 investit,

67 5059 325 5166 recipientem
344 5062 422 5142 vice
441 5075 479 5142 et
496 5061 652 5144 nomine
672 5061 763 5143 dicti
782 5063 953 5143 Thomae
971 5064 1118 5146 comitis
1136 5066 1392 5166 Flandrensis‚
1413 5080 1456 5149 ut
1472 5068 1598 5150 dictus

67 5183 244 5264 Thomas
272 5207 399 5262 comes
426 5178 667 5262 Flundremis
695 5179 835 5262 dictam
872 5183 1115 5265 medietatem
1152 5185 1264 5268 uestri
1296 5213 1384 5268 oum
1419 5187 1598 5280 omnibus

66 5299 314 5406 supradictis,
342 5299 492 5395 habeut,
519 5299 721 5403 possideat,
749 5312 818 5380 etc.
870 5375 875 5386 .

156 5417 337 5522 Samara
363 5445 449 5500 voro
477 5419 552 5513 die,
584 5418 634 5498 in·
655 5418 771 5500 domo
803 5417 991 5504 Joburmis
1025 5419 1260 5518 debeatne,
1293 5421 1459 5505 Potletus
1494 5421 1597 5503 filius
