4096 6190
484 329 553 394 308
884 326 1080 394 REGESTA
1107 323 1311 393 GOMITUM
1340 321 1582 392 escanella

1452 452 1620 460 ———
1845 455 1898 461 ——

476 565 605 646 omnia
627 571 713 666 jure
731 575 769 644 et
786 562 967 656 dominia,
986 589 1081 665 quae
1101 562 1309 642 incivitate
1329 575 1367 642 et
1384 562 1550 642 Diueeesi
1570 561 1788 642 Taurinensi
1808 562 1876 666 ipse
1890 565 1944 644 lter

475 682 620 764 ratione
648 683 795 787 imperii
830 682 1001 777 hahebat,
1038 681 1266 784 mandatque
1306 693 1347 760 ut
1380 681 1480 759 dieto
1508 681 1635 760 comiti
1673 697 1856 782 tamquam
1883 711 1944 762 reru

475 827 543 881 suo
570 801 732 881 Domina
759 800 950 894 obediant,
972 800 1044 878 sub
1072 799 1364 879 comminatione
1395 800 1529 904 Regiae
1556 798 1790 878 celsitudinis
1816 811 1849 876 et
1865 807 1945 899 maje-

476 919 581 998 statis
609 918 890 1024 indignationis
917 932 955 996 et
981 945 1100 1020 poene
1128 917 1234 996 mille
1263 918 1499 996 marcherum
1529 918 1671 1021 argenti
1692 917 1791 1018 puri.

634 1087 736 1170 (ER.
759 1085 835 1148 Tab.
859 1087 1053 1160 Taurinenai,
1077 1087 1286 1159 Gercearou,
1309 1087 1397 1148 Hiat.
1424 1087 1513 1160 eeu,
1535 1087 1686 1159 Preavea,
1707 1105 1782 1166 pag.
1802 1089 1859 1165 at).

955 1462 1182 1531 DCOCXCIX.
1202 1498 1236 1509 -
1266 1458 1506 1530 Taurinum.

913 1657 1000 1728 1252,
1024 1659 1061 1717 22
1081 1657 1111 1718 d.
1135 1655 1222 1718 Maii.
1245 1653 1316 1716 Ind.
1340 1673 1376 1714 x.
1400 1655 1548 1734 Trajeeti.

551 1837 796 1919 Wullielmus
836 1839 1090 1917 Romanorum
1134 1838 1211 1917 Rex
1253 1837 1422 1917 Thnmae
1468 1838 1515 1915 de
1560 1838 1750 1918 Saheudia
1792 1836 1905 1916 comiti
1927 1838 1950 1916 in

479 1958 629 2037 leutlum
660 1957 832 2036 coneedit
858 1956 1045 2038 civitatem
1076 1969 1112 2034 et
1138 1969 1291 2059 pentem
1321 1956 1604 2048 Taurinensem
1631 1973 1669 2046 et
1695 1957 1855 2038 Bestiam
1877 1963 1952 2056 jurta

477 2077 618 2157 dictum
658 2087 823 2179 pontem,
856 2075 992 2154 Villam
1027 2091 1066 2153 et
1095 2089 1246 2178 pentem
1277 2075 1556 2168 Mentisealerii‚
1584 2076 1754 2156 dominia
1782 2088 1951 2155 castrorum

477 2195 706 2297 llipularum,
735 2193 887 2299 Colegii,
917 2194 1145 2284 Montasolii‚
1175 2195 1290 2274 Cestri
1320 2195 1472 2289 valerie,
1510 2197 1719 2292 Cevurreti,
1756 2196 1897 2275 lendum
1923 2195 1954 2272 il·

478 2315 597 2392 lorum
622 2315 668 2393 de
694 2313 868 2393 Plosasco
887 2312 933 2392 ab
954 2313 1127 2416 Imperia,
1148 2313 1245 2415 quod
1276 2324 1333 2392 est
1353 2341 1505 2414 parvum
1534 2315 1735 2420 pedagium
1757 2315 1797 2394 in
1816 2314 1954 2406 Taurino,
2013 2349 2014 2398 r

475 2433 617 2513 scilicet
643 2445 802 2535 quatuor
829 2431 1002 2512 denarios
1030 2432 1068 2512 in
1096 2432 1279 2527 Tresell0‚
1309 2432 1464 2512 lendum
1493 2435 1539 2514 de
1566 2433 1690 2522 Broni.
1723 2437 1825 2537 quod
1853 2447 1900 2512 est
1918 2459 1955 2508 ea·

476 2565 594 2631 strum
623 2551 819 2653 antiquum
840 2562 877 2630 et
895 2550 1061 2630 dirutum
1083 2580 1168 2630 curn
1190 2552 1350 2652 quadam
1372 2577 1481 2652 parva
1500 2552 1597 2646 villa,
1617 2553 1775 2632 lendum
1796 2551 1955 2632 Bertholdi

476 2671 522 2750 de
548 2671 630 2749 Non
658 2683 695 2748 et
722 2670 875 2748 fratrum
905 2676 998 2770 epis,
1024 2670 1198 2749 videlieet
1223 2670 1426 2772 qnamdam
1455 2671 1632 2750 Villetem
1661 2670 1741 2750 sive
1763 2669 1955 2750 forteretian

478 2790 576 2868 inter
602 2799 769 2870 montem
792 2787 978 2868 Galerium
999 2803 1036 2867 et
1054 2788 1224 2874 Kanum,
1242 2801 1408 2868 vocatam
1429 2789 1580 2878 Villam,
1607 2803 1645 2867 et
1673 2791 1773 2870 fines
1801 2791 1844 2870 de
1869 2788 1957 2868 Cellas

476 2936 563 2987 cum
591 2907 767 2986 omnibus
801 2907 969 3000 allodiis,
996 2907 1116 2987 feudis
1145 2919 1213 2984 etc.
1243 2907 1279 2985 in
1313 2907 1461 2987 civitate
1489 2922 1526 2987 et
1554 2908 1719 2989 dioecesi
1749 2907 1957 3002 Taurinensi,
2013 2979 2014 2992 ,

477 3041 621 3130 praeter
661 3025 833 3130 homagia
867 3025 1094 3106 marchionis
1122 3026 1260 3105 Montis
1287 3027 1427 3106 Ferenti
1456 3041 1494 3106 et
1522 3027 1774 3124 Saluciarum‚
1804 3028 1956 3107 civitaten

476 3145 694 3250 ypereggiae
723 3157 907 3223 ettotam
936 3143 1150 3224 dominium
1178 3144 1373 3247 Cenapiuii
1401 3157 1438 3225 et
1464 3147 1574 3226 castri
1604 3147 1744 3226 Lenaei
1773 3174 1856 3226 eum
1880 3173 1956 3224 emur

472 3269 567 3362 jure,
594 3261 811 3352 honoribus,
830 3263 1048 3365 plateaticis,
1067 3263 1188 3343 furnis
1216 3263 1446 3368 argentariis,
1466 3265 1639 3369 angariis
1663 3265 1890 3371 perangariis
1911 3275 1958 3341 ete

478 3381 545 3461 viis
572 3381 743 3485 publicis
770 3381 1005 3472 lluminilrus,
1033 3409 1136 3463 mero
1156 3395 1192 3462 et
1212 3383 1327 3462 mixte
1350 3382 1508 3486 imperio
1529 3397 1566 3463 et
1584 3384 1851 3484 jurisdictione
1868 3382 1959 3462 eruni·
2013 3377 2014 3418 r

476 3500 600 3578 mede.
620 3499 679 3578 Ad
707 3498 799 3578 haee
825 3500 1007 3592 concedit,
1028 3512 1069 3577 ut
1088 3499 1203 3601 possit
1224 3527 1287 3601 per
1314 3511 1429 3579 tetam
1455 3514 1587 3580 terrain
1604 3529 1714 3582 suern
1747 3515 1907 3583 monetas
1928 3501 1959 3576 de
2013 3495 2014 3580 J

476 3647 569 3698 nero
595 3618 743 3715 cudere,
774 3620 975 3714 nundinas,
1003 3632 1164 3698 mercata
1193 3633 1230 3698 et
1257 3620 1413 3724 pedagia
1444 3649 1509 3700 seu
1537 3619 1723 3701 Thelonia
1753 3622 1939 3702 costituere.

576 3740 728 3818 Testes:
757 3738 883 3817 Frater
910 3739 1029 3844 Huge
1057 3739 1239 3839 presbiter
1259 3739 1458 3819 cardinalis
1483 3739 1599 3824 titulis
1620 3741 1655 3820 S.
1676 3741 1844 3821 Sabinae
1865 3743 1958 3840 apa.

474 3856 582 3938 Sedis
609 3859 770 3964 Legetns
806 3885 869 3959 per
901 3855 1148 3948 Alemaniam,
1177 3858 1304 3937 abhas
1331 3859 1367 3936 S.
1397 3859 1580 3938 Trudonis
1622 3861 1843 3963 capellanus
1878 3857 1960 3960 regis,

471 3976 665 4057 lohannes
692 3978 738 4054 de
765 3975 999 4069 Ambleone„
1029 3978 1196 4056 decanus
1225 3977 1261 4054 S.
1289 3977 1460 4055 Andreae
1489 3977 1860 4080 Gratianopolitanae
1890 3977 1961 4056 diae·

472 4096 577 4185 cesis,
605 4094 819 4198 capellanus
846 4122 973 4198 papae,
1000 4095 1233 4175 Humbertus
1260 4095 1475 4198 capellanus
1503 4095 1671 4176 Yennae.

629 4265 671 4346 (Ε
694 4264 732 4324 R.
756 4263 831 4325 Tab.
849 4263 1044 4327 Taurinenei.
1062 4265 1151 4343 Dipl.
1167 4264 1265 4342 Imp„
1283 4263 1373 4326 Fcee.
1390 4264 1437 4338 11,
1452 4284 1484 4325 n.
1502 4266 1531 4325 3.
1549 4265 1765 4341 Gerasenos,
1789 4267 1872 4330 aar.
1897 4265 1961 4330 aas.

553 4361 702 4434 Preuvea,
724 4379 796 4440 pag.
818 4361 884 4439 98).

908 4717 980 4788 OM.
1006 4756 1055 4766 -
1092 4716 1287 4789 castrum
1319 4715 1559 4788 Hontonoll.

994 4913 1084 4984 1252,
1108 4913 1145 4971 23
1165 4911 1196 4972 d.
1219 4911 1309 4973 Maii.
1331 4911 1462 4974 Perueii.

549 5087 862 5176 Innocentius‘lV
888 5095 928 5174 P.
957 5095 1003 5172 Μ.
1032 5093 1203 5197 episcopo
1230 5094 1447 5174 Noveriensi
1478 5095 1642 5190 mandat,
1673 5110 1717 5177 ut
1745 5099 1797 5178 ab
1824 5123 1963 5178 exenniu-

476 5214 673 5312 uicationis
706 5215 892 5294 sententia
926 5213 1109 5292 Themam
1145 5214 1191 5293 de
1224 5214 1412 5294 Sabeudie
1444 5214 1620 5294 comitem
1660 5216 1846 5312 absolvat,
1880 5238 1961 5319 quau

474 5335 679 5440 incurrerat
705 5347 854 5439 propter
880 5332 1201 5414 reedificationem
1230 5334 1339 5414 castri
1369 5333 1568 5414 Menteseli
1595 5333 1644 5414 ad
1673 5338 1877 5418 ecclesiam
1893 5335 1962 5414 Tau·
