4096 6190
478 332 547 398 248
879 335 1073 402 Rudanas
1102 335 1304 404 COMITUM
1333 336 1578 404 scandulas

476 463 763 474 ..ῳ-ὴ

471 595 596 650 sororc
623 569 859 676 Margaritha,
889 570 1042 652 domina
1068 571 1115 652 de
1143 573 1354 676 Dampctra,
1376 571 1514 655 fecerat
1549 575 1684 656 marito
1712 603 1783 656 suo
1820 575 1952 658 Thomao

475 689 537 792 (de
564 689 767 790 Sabaudia)
794 691 920 771 comiti
949 691 1158 772 Flandriae.
1567 709 1571 716 -
2015 689 2016 716 1

632 858 674 940 (Ε
695 858 734 921 Β.
758 859 824 922 aab
844 859 1039 923 Tamicensi.
1063 860 1108 922 M.
1132 861 1176 922 H.
1200 861 1238 922 Ρ.
1262 860 1372 959 011111.Ι
1393 862 1421 935 1,
1444 863 1504 924 col.
1529 864 1630 940 1860).

928 1228 1146 1296 111111-
1173 1226 1445 1299 Innocentius
1471 1229 1532 1300 1v

758 1361 941 1435 Thenas
967 1360 1017 1432 dc
1046 1360 1264 1434 sabaudia
1291 1364 1437 1435 comiti
1464 1364 1706 1437 flandriae.

931 1543 1029 1635 1248,
1044 1566 1080 1623 10
1101 1564 1131 1625 d.
1156 1563 1344 1625 Decembris.
1367 1563 1527 1626 Laterani.
1604 1575 1607 1582 ⁴

551 1744 736 1850 Indulget,
764 1757 805 1823 ut
832 1743 959 1824 nullus
987 1743 1181 1851 delegatus
1207 1771 1271 1824 sen
1305 1743 1572 1846 subdelegatus
1600 1743 1657 1823 vel
1677 1745 1792 1824 etiam
1812 1761 1959 1825 executor

477 1865 514 1945 in
542 1891 737 1968 personam
775 1863 939 1943 Thomas
966 1864 1012 1943 de
1047 1864 1234 1944 Sabaudia
1271 1863 1419 1942 comitis
1455 1862 1670 1952 Flandriae,
1700 1862 1759 1942 vel
1788 1865 1958 1944 Johaunoe

475 1983 686 2064 comitissae
713 1983 953 2063 Flandrensis
980 1984 1104 2063 uxoris
1122 1989 1213 2084 ejus,
1236 2010 1304 2062 nec
1323 2009 1398 2061 non
1417 1984 1455 2062 in
1484 1995 1598 2062 terras
1617 1989 1698 2086 ejus
1717 1983 1903 2064 interdicti
1918 1986 1958 2062 rol
2019 2019 2020 2030 ¹

476 2101 875 2184 excommunicationis
903 2102 1107 2183 sententias
1133 2101 1256 2182 valeat
1275 2101 1512 2206 promulgare
1532 2101 1672 2206 absque
1699 2102 1850 2183 licentia
1877 2104 1960 2184 Sedis

477 2223 710 2328 Apostolioae
736 2223 898 2325 speciali.

635 2395 797 2475 (Bassus,
820 2395 1267 2473 aecnoac·1ooocoot1t⁷‚
1290 2395 1369 2458 Dcc.
1392 2397 1461 2470 814,
1484 2397 1554 2460 Vol.
1579 2401 1608 2470 1,
1629 2417 1699 2477 pag.
1721 2400 1785 2476 56).

802 2761 979 2830 DOOVIII.
1009 2802 1045 2811 -
1072 2758 1134 2829 Ite
1161 2758 1355 2831 Ecclesia
1381 2760 1652 2851 Augusteum.

930 2959 1017 3030 1248,
1042 2959 1077 3017 18
1099 2958 1129 3019 d.
1153 2957 1340 3020 Decembris.
1363 2958 1522 3021 Laterani.

547 3143 786 3228 Innocentius
814 3142 862 3223 IV
893 3140 1059 3220 Amadeo
1087 3138 1215 3220 comiti
1243 3138 1472 3229 Sabaudiae,
1490 3140 1532 3218 Α.
1553 3139 1763 3243 praeposito
1789 3155 1827 3220 11
1854 3169 1963 3244 procu·
2023 3086 2024 3126 r

470 3265 583 3347 ratori
602 3267 689 3346 eccl.
712 3260 971 3368 augustensis,
990 3260 1152 3363 capitulo
1171 3271 1208 3337 et
1226 3257 1324 3338 clero
1344 3257 1502 3339 civitatis
1526 3273 1563 3339 11
1584 3259 1775 3352 dioecesis,
1798 3260 1962 3341 militibus

472 3398 510 3466 et
534 3385 682 3489 populo,
711 3397 822 3485 atque
849 3379 1138 3482 archiepiscopo
1165 3377 1452 3458 Terentasiensi.

544 3502 791 3600 augustensis
818 3497 983 3588 ecclesia,
1011 3525 1105 3600 quae
1133 3496 1291 3601 pastoris
1319 3511 1419 3575 caret
1439 3497 1570 3576 solatio
1598 3499 1636 3576 in
1664 3496 1790 3578 medio
1818 3495 1963 3576 nationis

473 3650 660 3725 perversae
687 3621 830 3724 posita,
858 3644 977 3720 usque
1005 3617 1099 3696 adeo
1141 3643 1205 3718 per
1240 3614 1446 3696 vicinorum
1483 3615 1665 3696 malitiam
1702 3628 1740 3694 et
1776 3615 1961 3718 potentiam

470 3754 527 3822 est
552 3767 730 3821 concussa
759 3739 962 3839 edoctaque
991 3735 1036 3816 ad
1071 3745 1212 3814 tautam
1250 3744 1526 3836 paupertatem,
1568 3734 1667 3836 quod
1707 3733 1778 3814 nisi
1818 3763 1883 3838 per
1912 3733 1963 3810 ali·

468 3889 580 3964 quam
607 3860 646 3940 in
674 3857 840 3962 pertibus
873 3855 948 3935 illis
983 3854 1146 3958 potentis
1182 3881 1224 3933 nc
1259 3853 1438 3956 sapientis
1467 3852 1739 3954 providentiam
1776 3866 1812 3933 et
1845 3851 1965 3933 sollici·

468 3981 639 4060 tudinem
667 3976 778 4058 celeri
805 3974 973 4056 remedio
1000 3985 1237 4054 succurratur
1264 3972 1399 4065 eidem,
1427 3973 1485 4054 vix
1513 3970 1672 4067 adiiciet,
1693 3984 1735 4052 ut
1762 3983 1935 4076 resurgat.

632 4147 793 4228 (Bassus,
820 4145 976 4222 Rcyiatrea
998 4145 1180 4206 d'Inoocant
1201 4145 1265 4216 IV,
1289 4143 1366 4204 Doc.
1390 4145 1461 4216 811,
1484 4142 1552 4205 Vol.
1575 4141 1603 4216 1,
1625 4162 1656 4221 p.
1679 4144 1744 4222 80).

714 4520 921 4590 11111.-
950 4517 1193 4609 Margarita
1222 4516 1330 4589 Gom.
1361 4517 1543 4589 Thomna
1570 4516 1735 4590 relicta.

839 4720 926 4787 1244,
949 4722 966 4778 4
988 4717 1018 4779 d.
1041 4717 1195 4779 Jsuuarii.
1219 4717 1313 4795 Apud
1334 4717 1457 4776 Petram
1479 4712 1615 4775 01111111.

547 4903 593 4979 Μ.
621 4904 871 5005 (1111911111)
900 4897 1089 4978 comitissa
1118 4895 1328 4976 Sabaudiae
1357 4907 1393 4972 11
1424 4890 1693 4972 marchionissa
1720 4891 1758 4971 in
1778 4890 1893 4982 Italia,
1913 4887 1965 4968 dat

472 5021 640 5101 Thourac
668 5020 795 5100 comiti
824 5019 1024 5099 Flandriae
1052 5028 1089 5096 11
1116 5015 1349 5104 Harmoniae,
1379 5012 1456 5092 filio
1476 5039 1555 5104 suo,
1570 5018 1653 5113 jura
1673 5020 1711 5090 et
1728 5008 1966 5111 possessiones

472 5167 615 5234 omnes,
634 5166 726 5243 ques
755 5139 868 5219 hahet
894 5137 993 5242 apud
1022 5137 1057 5216 S.
1087 5134 1282 5215 Genisium
1311 5135 1349 5212 in
1378 5145 1498 5212 castro
1517 5144 1554 5208 11
1572 5129 1851 5222 mandamento,
1869 5153 1966 5228 pree

474 5271 580 5338 sente
608 5273 645 5337 11
671 5258 928 5339 consentiente
955 5255 1121 5336 Amedeo
1148 5253 1228 5334 filio
1256 5281 1324 5332 suo
1359 5247 1621 5354 primogenite,
1649 5247 1712 5351 qui
1739 5245 1845 5327 etiam
1878 5240 1964 5322 cedit

475 5376 573 5457 dioto
601 5379 769 5457 Thomae
796 5377 890 5480 patri
918 5402 987 5455 suo
1014 5373 1142 5453 omnia
1166 5381 1252 5474 Jura
1293 5372 1331 5451 in
1373 5369 1472 5449 dicto
1506 5381 1625 5448 castro
1652 5379 1689 5446 et
1715 5365 1965 5446 mandamento
