4070 6186
422 328 494 391 126
827 322 1025 392 Rnccsrt
1052 324 1256 393 COMITUM
1284 322 1528 391 snssnunlan

534 740 710 809 OCOXLV.
741 780 775 790 —
803 731 1197 811 Adelaie'Umberti
1224 739 1288 807 111
1315 742 1359 808 et
1385 737 1473 806 HN.
1502 734 1552 807 de
1580 734 1822 828 zahringen

848 890 1089 963 sabaudiae
1118 889 1373 974 comitianae,
1400 889 1501 960 filie.

1138 1089 1225 1149 1178.

501 1275 652 1352 «Anno
680 1271 831 1352 Domini
863 1275 957 1348 1173
986 1296 1049 1348 rex
1084 1271 1293 1374 Anglorum
1329 1271 1511 1352 Henricus
1540 1273 1620 1376 (ΙΙΙ)
1655 1272 1826 1352 Johanni
1853 1271 1917 1350 [ilio

421 1420 489 1474 suo
517 1403 765 1494 cognomento
798 1423 815 1460 o
843 1388 1032 1470 Sineterra
1059 1425 1075 1460 o
1110 1390 1168 1469 vix
1196 1405 1416 1495 septennem
1447 1390 1563 1470 filiam
1594 1391 1752 1472 Huberti
1789 1391 1919 1472 comitis

422 1514 469 1592 de
496 1512 663 1592 Meriana
689 1508 990 1616 primogenitam,
1019 1536 1132 1610 quam
1160 1537 1204 1589 ex
1238 1511 1367 1591 relicta
1395 1509 1548 1591 Henrici
1581 1511 1686 1592 ducis
1722 1512 1918 1598 sustulerat

422 1631 460 1711 in
488 1658 664 1734 sponsam
693 1631 835 1732 accepit
861 1663 894 1701 u.

580 1800 726 1883 (Matthei
747 1799 873 1873 Parisii,
896 1799 1035 1861 Historia
1049 1800 1192 1879 Angliee‚
1213 1801 1360 1874 Londini,
1386 1803 1473 1872 1640,
1491 1801 1579 1863 Tem.
1603 1803 1630 1874 I,
1646 1822 1717 1881 pag.
1735 1803 1804 1862 lat.
1819 1801 1920 1862 Nomen

499 1903 529 1960 et
549 1899 675 1960 domum
696 1898 801 1960 tertiae
825 1895 964 1958 Umberti
984 1899 1037 1957 III
1058 1898 1212 1976 coniugis,
1234 1917 1329 1976 quem
1346 1898 1502 1960 Chronica
1517 1899 1691 1960 Sabaudiee
1712 1903 1742 1960 ct
1762 1899 1921 1977 Pingonioa

501 1997 685 2058 Qmanem
713 1995 748 2056 de
781 1994 957 2072 zahringen
980 1994 1112 2068 dicunt,
1145 1995 1184 2056 ad
1215 2001 1333 2057 certum
1357 1997 1495 2058 nondum
1519 1997 1604 2058 docti
1636 1997 1778 2059 homines
1808 1997 1922 2076 reperire

500 2096 678 2172 potuerunt.
702 2094 782 2154 Ante
803 2111 921 2153 conum
948 2109 1117 2152 ncnxxvu
1137 2095 1203 2155 uite
1223 2094 1384 2156 noncessit.
1407 2095 1446 2155 V.
1471 2095 1592 2164 Samo,
1620 2095 1645 2156 I
1664 2096 1766 2174 primi
1793 2095 1872 2155 cocti
1896 2093 1922 2152 di

502 2191 630 2264 doceto,
645 2210 716 2270 pag.
733 2191 771 2252 69
792 2192 924 2267 eteeg.).
1058 2253 1063 2270 x

539 2552 732 2621 GOOXLVI.
762 2589 798 2599 -
825 2549 1103 2637 conpensatio
1130 2549 1353 2623 adeleidi·
1381 2550 1573 2625 umberti
1599 2553 1663 2623 111
1688 2547 1806 2622 filice

757 2701 915 2774 scanni
942 2701 1116 2774 Eenrici
1143 2703 1259 2795 regi·
1283 2705 1470 2797 Angliae
1496 2703 1597 2776 filio.

1142 2900 1229 2959 1178.
1992 2975 1993 3057 1

498 3083 729 3162 Humhertus
756 3108 881 3162 comes
911 3080 1130 3160 Mauriensis
1159 3094 1197 3160 ct
1225 3080 1392 3161 marchio
1419 3082 1546 3162 ltaliae
1564 3083 1664 3163 cedit
1682 3094 1803 3162 totum
1825 3109 1924 3161 suom

424 3201 646 3283 comitatum
672 3200 838 3281 Johanni
867 3199 887 3277 f.
918 3199 1069 3279 Honrioi
1098 3200 1208 3305 Regis
1235 3199 1398 3304 ,Angliae
1427 3229 1514 3281 cum
1543 3202 1621 3281 filia
1656 3229 1722 3282 soa
1750 3204 1926 3306 primoge-

427 3321 516 3416 nita,
544 3319 648 3401 Aaiis
676 3318 839 3409 nomine,
866 3319 897 3398 si
925 3319 1048 3400 filium
1078 3347 1122 3398 ex
1150 3347 1263 3399 uxore
1290 3349 1356 3401 sua
1379 3351 1454 3402 non
1476 3321 1661 3402 habuerit.
1691 3321 1730 3428 Si
1753 3321 1927 3402 habuerit.

425 3439 599 3521 concedit
623 3437 842 3528 Russillum‚
869 3439 1090 3531 Pereoastel‚
1118 3439 1337 3519 comitatum
1367 3440 1629 3530 Bellicensem,
1656 3440 1790 3520 vallem
1820 3443 1927 3520 Nove·

426 3560 550 3650 lesiae,
578 3557 874 3652 Camboriacum,
901 3558 977 3652 Aiz,
1005 3558 1187 3658 Asperum
1219 3573 1399 3650 montem,
1427 3561 1645 3652 Rochetam,
1665 3561 1833 3640 Mentem
1862 3561 1927 3639 Ma·

421 3689 556 3781 jorem,
586 3679 781 3757 Camenam
813 3705 900 3758 oum
936 3676 1055 3782 burgo
1089 3689 1127 3756 et
1163 3691 1239 3758 toto
1279 3679 1464 3760 mandato.
1502 3679 1606 3759 Ultra
1641 3693 1790 3760 montes
1827 3680 1926 3759 donat
1990 3693 1991 3784 t

428 3799 646 3893 Taurinum,
675 3796 865 3884 cartereth,
894 3795 1102 3900 Colegium‚
1132 3798 1242 3877 feuda
1269 3825 1364 3901 quae
1392 3801 1439 3878 de
1467 3799 1546 3901 ipso
1567 3811 1698 3878 tenent
1718 3800 1874 3880 comites
1891 3801 1927 3876 dc
1990 3787 1991 3871 Ι

427 3916 623 4011 Ganaveis3
660 3915 699 3994 in
727 3915 908 3995 comitatu
935 3916 981 3995 de
1009 3917 1273 3996 Castroamunt
1299 3917 1475 3998 similiter
1494 3917 1621 4017 feuda;
1641 3917 1678 3997 in
1700 3917 1796 3998 valle
1824 3944 1927 4022 augu-

427 4035 544 4117 stensi
559 4033 840 4116 Castellonium.
854 4035 1048 4113 Praeterea
1066 4035 1238 4116 concedit
1256 4035 1439 4139 quidquid
1455 4036 1550 4136 juris
1569 4036 1686 4116 habet
1704 4037 1741 4116 in
1762 4037 1926 4116 comitato
1989 4075 1990 4086 κ

427 4152 737 4258 Greciopolitano.
778 4154 911 4233 Comes
951 4180 1036 4233 vero
1076 4155 1277 4234 secundam
1313 4154 1433 4236 filiam
1471 4155 1604 4260 nuptui
1633 4157 1779 4236 tradere
1806 4155 1927 4262 poterit

429 4273 489 4354 cui
515 4272 687 4364 voluerit,
714 4270 796 4351 sine
824 4270 942 4351 nimio
969 4272 1170 4352 comitatus
1199 4273 1437 4355 detrimento.

501 4395 578 4475 Rex
605 4404 734 4473 contre
759 4390 888 4472 comiti
918 4392 1034 4470 mittit
1062 4391 1312 4473 incontinenti
1343 4425 1367 4472 u
1397 4420 1540 4474 marcas
1568 4395 1724 4498 argenti,
1753 4408 1790 4474 et
1822 4421 1926 4499 quum
1988 4391 1989 4394 ‘

429 4511 545 4593 filiam
574 4510 721 4592 comitis
747 4508 913 4612 recipiat,
941 4510 1030 4590 alias
1058 4541 1085 4590 n
1113 4539 1255 4592 marcas
1295 4511 1399 4592 dabit
1425 4514 1557 4592 Comes
1584 4514 1787 4592 secundani
1821 4513 1926 4593 filiam

430 4632 563 4735 nuptui
592 4658 667 4710 non
695 4630 828 4720 tradet,
858 4629 977 4711 donec
1002 4635 1083 4730 ejus
1112 4631 1189 4711 filio
1216 4631 1464 4738 primogenita
1484 4631 1563 4711 filio
1584 4632 1679 4736 regis
1699 4631 1927 4713 matrimonio

429 4751 478 4832 sit
504 4737 690 4854 copulata3
729 4760 838 4851 etque
880 4747 911 4828 si
953 4748 1045 4828 forto
1086 4750 1123 4828 in
1164 4752 1236 4830 fata
1277 4751 1503 4831 concesserit
1529 4765 1615 4832 ante
1644 4753 1929 4834 matrimonium

429 4884 546 4952 totam
575 4882 765 4973 acceptam
794 4868 991 4971 pecuniam
1012 4868 1088 4974 regi
1111 4870 1250 4950 reddet.
1284 4872 1440 4972 Insuper
1457 4873 1740 4952 concessionem
1770 4867 1925 4952 Umberti

426 4991 598 5095 junioris,
626 4987 807 5070 nimirum
837 4988 1011 5068 Rossilon
1040 5003 1077 5068 et
1103 4990 1314 5070 Perecastel
1341 4991 1421 5071 filio
1448 4991 1545 5098 regis
1573 4990 1713 5072 hebere
1737 4992 1851 5073 saciet
1875 5016 1927 5094 pro

431 5137 538 5215 posse
564 5137 651 5200 soo3
680 5107 837 5212 quodsi
866 5107 938 5188 hoc
964 5109 1166 5189 Umbertos
1194 5110 1400 5189 concedere
1429 5111 1604 5206 noluerit,
1632 5138 1759 5191 comes
1784 5112 1821 5191 ei
1848 5109 1927 5214 legi·

430 5229 567 5311 timum
595 5225 832 5308 excambium
861 5226 964 5306 dabit
991 5228 1036 5307 ad
1064 5227 1259 5307 arbitrium
1289 5227 1434 5308 abbatis
1463 5229 1509 5308 de
1537 5229 1646 5309 Ciusc
1674 5242 1712 5308 et
1743 5225 1925 5336 Reginoldi

429 5349 683 5432 archidiaconi
712 5348 859 5427 Sarum.
