4096 6190
547 346 748 414 CASTRUM
776 345 897 412 PODII
925 345 1117 414 ODDONIS

459 763 616 833 noenu.
646 802 681 812 -
709 759 922 831 Amadoco
948 759 1009 831 1v
1037 759 1212 833 arbiter.

125 962 213 1036 1246,
235 963 274 1022 26
288 957 320 1021 u:
342 960 496 1023 lanuarii.
520 960 590 1021 Ind.
613 981 643 1022 v.
666 959 760 1038 Apud
775 958 943 1032 (liriacum,
965 960 999 1020 in
1013 961 1104 1022 domo
1118 957 1312 1021 Marohionis
1326 959 1559 1022 Montisfarroti.

157 1143 385 1246 Compositio
412 1155 450 1222 et
476 1143 673 1223 arbitrium
701 1142 855 1222 Amedei
885 1141 1033 1221 comitis
1053 1140 1270 1232 sabaudiae,
1295 1140 1333 1220 in
1363 1141 1469 1221 ltalia
1495 1170 1593 1222 mar-

82 1263 228 1342 chionis
268 1262 365 1342 iuter
402 1262 633 1343 Fridericum
675 1261 937 1364 imperatorem
980 1273 1017 1341 et
1054 1261 1288 1340 bonifacium
1332 1259 1592 1341 marchionem

84 1381 355 1462 Montislerrati.
384 1381 597 1462 bonifacius
616 1381 754 1460 Hentio
774 1381 967 1461 Sardiniae
986 1381 1064 1486 regi
1083 1392 1121 1459 et
1139 1380 1242 1459 Sacri
1261 1379 1412 1482 Imperii
1432 1380 1469 1458 in
1491 1380 1595 1460 ltalia

82 1503 215 1607 legato,
244 1501 478 1603 imperatoris
505 1501 596 1596 titio,
625 1513 753 1578 contra
773 1499 921 1601 imperii
942 1499 1101 1600 rebelles
1120 1499 1256 1580 auxilia
1284 1499 1481 1601 promittit,
1498 1527 1595 1602 quaa

81 1621 128 1700 ad
165 1619 395 1700 voluntatem
432 1619 613 1699 Gnidonis
648 1617 833 1698 Marruohi
862 1618 908 1696 de
947 1618 1057 1718 Papia
1099 1618 1281 1721 capitanei
1324 1629 1363 1698 et
1402 1619 1595 1721 potestatis

81 1736 246 1820 Clavassi
272 1752 369 1818 stare
398 1736 599 1818 debebunt.
628 1738 736 1816 ldem
763 1736 948 1839 promittit
982 1737 1150 1816 marchio
1178 1736 1422 1817 Saluoiarnm.
1450 1739 1497 1816 Et
1526 1738 1596 1818 boo

80 1856 340 1939 observabunt
365 1868 403 1936 et
430 1856 577 1952 facient,
606 1857 725 1936 donec
752 1883 886 1962 guerra
913 1856 1101 1937 duraverit
1128 1857 1226 1936 inter
1262 1857 1529 1960 Imperatorem
1559 1870 1596 1938 et

79 1977 243 2058 rebelles
270 1976 418 2080 imperii
448 1976 703 2057 lombardiae.

159 2096 422 2177 Praesentibus
458 2095 604 2176 Thema
637 2096 683 2176 de
720 2094 909 2176 Sabaudia
936 2096 1088 2186 comite,
1114 2094 1306 2174 Pesevallo
1334 2096 1381 2176 de
1408 2096 1584 2176 Plozasoo

79 2215 299 2296 Raimundo
326 2215 373 2295 de
399 2215 528 2304 Busca,
556 2214 695 2295 Uberto
721 2213 941 2294 marchione
966 2212 1189 2305 Pelavioino,
1217 2213 1375 2294 Ricardo
1392 2214 1594 2320 Philange·

80 2335 152 2432 ric,
181 2335 341 2415 Martino
368 2334 415 2413 de
441 2333 600 2427 Rivollo‚
627 2333 792 2413 Arnaldo
819 2335 865 2413 de
893 2333 1061 2413 Laneriis
1089 2346 1126 2412 et
1152 2332 1226 2412 alii.

159 2454 343 2535 Rodullus
370 2455 416 2533 de
443 2451 705 2558 Podiobuingo
732 2452 854 2532 scriba
873 2464 911 2532 ot
937 2452 1103 2532 notarius
1130 2451 1285 2556 scripsit.

244 2616 286 2697 (E
307 2615 347 2678 R.
370 2614 437 2678 uso
458 2615 652 2678 'l'aurineneb
677 2615 723 2677 M.
748 2615 792 2676 H.
816 2615 855 2676 Ρ.
879 2614 987 2677 Chart.
1008 2615 1054 2688 ΙΙ,
1078 2615 1136 2676 ool.
1161 2615 1262 2693 1458).

209 2976 382 3043 nonnul.
412 3013 446 3022 --
478 2973 674 3046 castrum
699 2972 824 3046 Pedii
852 2975 1036 3049 oddoni·
1063 2975 1176 3063 apud
1202 2975 1478 3050 Pinerolium.

562 3168 650 3243 1246,
672 3168 708 3229 81
731 3168 761 3229 d.
785 3169 939 3233 lanuarii.
964 3170 1035 3231 Ind.
1060 3189 1106 3231 rr.

161 3351 324 3431 Thomas
352 3349 398 3429 de
419 3349 606 3429 Sabaudia
625 3377 751 3430 comes
770 3361 808 3430 et
825 3349 1013 3431 Albuinus
1035 3359 1075 3448 (t)
1095 3349 1210 3432 abbas
1229 3349 1449 3432 monasterii
1467 3353 1502 3432 S.
1517 3353 1598 3434 Ma-

69 3473 159 3552 riae
195 3471 242 3550 de
276 3469 462 3550 Pinerolio
496 3495 625 3549 eorum
663 3469 940 3572 quaerimonias
979 3481 1016 3549 et
1049 3470 1251 3550 discordias
1286 3496 1397 3575 super
1432 3483 1595 3552 castrum

73 3588 192 3672 Podii
221 3589 401 3684 Oddonis,
420 3600 537 3667 totam
558 3587 691 3666 vallem
712 3589 883 3669 Clusonis
903 3600 941 3667 et
960 3589 1116 3669 domum
1136 3593 1245 3668 castri
1266 3589 1445 3669 Pinerolii
1464 3591 1596 3672 amicis

71 3706 402 3811 compositoribus
430 3719 469 3787 et
494 3705 643 3786 arbitris
670 3707 925 3788 committunt.
953 3708 1022 3801 Qui
1051 3707 1217 3788 arbitrati
1246 3721 1351 3788 sunt:

162 3829 294 3908 Comes
323 3825 460 3906 haheat
485 3839 646 3906 castrum
675 3826 781 3907 Podii
810 3826 975 3906 Oddonis
1004 3839 1038 3905 et
1067 3826 1193 3907 omnia
1212 3827 1337 3907 hanna
1357 3828 1471 3908 totius
1490 3827 1597 3908 vallis

70 3946 260 4032 Clusonis
288 3972 307 4024 a
334 3958 447 4049 ponte
474 3957 598 4026 vetere
626 3945 815 4047 usquead
843 3945 985 4025 fontem
1013 3946 1192 4049 Flequeni
1220 3952 1270 4046 (t)
1292 3959 1331 4025 et
1356 3958 1504 4050 pontem
1533 3947 1597 4027 si-

66 4065 258 4162 sterniae,
287 4078 324 4144 et
350 4067 397 4144 ad
417 4065 513 4144 fines
531 4064 637 4144 vallis
658 4065 694 4143 S.
716 4064 877 4154 Martini,
896 4093 982 4144 cum
997 4065 1257 4166 jurisdictione
1277 4065 1450 4145 omnium
1472 4093 1596 4146 causa·

68 4214 184 4278 rum,
212 4211 300 4289 paee
327 4192 365 4264 et
390 4209 522 4288 guerra
549 4194 586 4262 et
613 4182 725 4287 pleno
744 4182 828 4262 utili
855 4183 893 4262 in
924 4194 1000 4262 tota
1028 4183 1135 4283 valle,
1165 4212 1233 4264 neo
1262 4212 1337 4264 non
1373 4183 1529 4265 domum
1558 4184 1596 4264 in

68 4304 205 4388 Podio
232 4302 398 4384 Oddonis
422 4309 528 4404 juxta
554 4304 590 4383 S.
608 4301 829 4398 Henesium,
848 4302 1090 4384 medietatem
1119 4305 1289 4384 omnium
1317 4305 1598 4385 successionum

67 4453 214 4508 rerum
256 4422 475 4511 mobilium,
512 4422 751 4502 medietatem
790 4421 903 4502 totins
938 4423 1049 4503 taliae
1078 4421 1198 4502 diotae
1234 4423 1355 4518 vallis,
1383 4424 1597 4504 facultatem

66 4541 242 4628 emendi
270 4542 314 4622 ad
343 4570 436 4646 opus
463 4544 573 4621 castri
592 4540 697 4621 Podii
718 4540 885 4621 Oddonis
904 4540 1037 4645 viginti
1055 4554 1214 4644 quatuor
1232 4555 1440 4645 sapraturas
1468 4545 1599 4624 vinea-

67 4690 171 4747 rum
201 4661 283 4742 sine
311 4660 420 4742 tertio
447 4673 484 4740 et
511 4660 776 4740 allaitamento.
806 4660 962 4763 Insuper
988 4687 1113 4740 comes
1136 4662 1272 4741 habeat
1299 4663 1454 4743 domurn
1484 4690 1598 4765 quam

64 4779 360 4867 monasterium
389 4780 428 4859 in
462 4792 580 4859 castro
607 4778 786 4859 Pinerolii
814 4778 986 4871 habebat,
1015 4779 1170 4885 pedagia
1198 4779 1284 4860 valli
1312 4781 1495 4876 Clusonis
1523 4809 1601 4861 mo·
1708 4773 1712 4782 ’

61 4900 251 4991 lendino,
279 4897 448 4993 tablazia‚
475 4897 639 5003 brugnas
667 4911 735 4977 etc.
764 4909 802 4976 et
820 4897 945 4978 omnia
969 4905 1054 4999 jura
1073 4899 1289 4979 monasterii
1318 4927 1339 4978 a
1365 4901 1467 4981 l'onte
1495 4901 1602 4980 Flea-

58 5018 207 5128 querii
235 5025 283 5118 (t)
311 5017 501 5121 usquead
530 5016 663 5097 collem
693 5016 859 5108 Sisterii,
888 5043 981 5118 quae
1012 5031 1135 5097 tamen
1160 5024 1245 5119 jura
1273 5011 1400 5098 comes
1436 5018 1601 5100 alienare

58 5149 252 5242 nequeat
277 5136 359 5217 siue
386 5162 571 5216 consenso
602 5134 731 5216 Abatis
759 5147 795 5215 et
822 5147 1038 5216 conventus.

163 5257 301 5338 Contra
329 5254 602 5335 monasterium
631 5254 768 5334 habeat
794 5255 922 5334 omnia
950 5283 1043 5357 quae
1072 5255 1236 5358 possidet
1263 5255 1300 5334 in
1330 5257 1446 5337 Podio
1474 5258 1601 5338 Oddo-

55 5382 143 5468 nis
173 5387 213 5456 et
239 5374 278 5455 in
297 5373 390 5456 valle
418 5373 618 5478 praedicta,
644 5401 720 5453 una
747 5401 832 5453 cum
860 5375 1163 5455 successionibus
1190 5402 1316 5456 rerum
1345 5375 1601 5458 immobilium
