4096 6190
599 325 802 394 GASTRUM
830 326 1091 395 DENTESIAOI
1532 320 1602 385 297

87 559 211 639 fessus
239 569 296 638 est
322 585 362 640 se
390 556 429 638 in
456 557 639 662 deposito,
667 559 813 641 domini
840 589 955 666 papae
983 561 1138 643 nomine
1169 560 1348 642 detinere.
1376 561 1423 640 Et
1449 556 1603 662 praefati

85 675 297 757 cardinales
324 704 363 755 se
391 675 654 782 obligaverunt
680 677 718 757 in
747 679 978 780 praedictum
1007 679 1192 760 Comitem
1230 707 1274 759 ex
1314 705 1416 758 nune
1454 703 1605 757 ercom-

87 795 357 875 municationis
383 795 610 876 sententiam
641 797 888 901 promulgare,
915 799 946 878 si
966 826 1042 878 uon
1061 798 1277 878 estenderet
1304 797 1432 876 omnia
1459 807 1497 876 at
1522 795 1603 876 sin-

86 914 178 1018 gula
206 914 427 1017 supradicta.

167 1036 286 1136 Super
311 1034 407 1114 lacto
434 1033 711 1125 Montisoalerii,
740 1036 839 1139 quod
866 1036 1002 1117 dicitur
1029 1038 1167 1118 lactum
1197 1038 1243 1117 de
1262 1038 1434 1126 Testona,
1453 1034 1604 1114 Electus

86 1155 138 1234 de
167 1154 289 1258 plano,
316 1155 523 1234 summarie
550 1167 587 1235 et
613 1155 694 1236 sine
722 1154 876 1257 strepitu
895 1157 1028 1257 judicii
1048 1156 1202 1260 probare
1222 1154 1366 1246 debeat,
1387 1183 1481 1256 quae
1502 1155 1602 1234 idern

85 1275 149 1354 vel
177 1273 481 1376 praedecessores
508 1274 566 1354 sui
594 1275 812 1354 habuerunt
839 1277 876 1355 in
908 1277 1069 1356 Testona
1096 1277 1153 1356 rol
1185 1273 1406 1355 hominibus
1434 1276 1470 1354 in
1498 1276 1604 1353 Mon-

85 1393 266 1476 tecalerio
294 1392 564 1487 habitantibus,
592 1409 630 1473 et
657 1406 747 1473 tuno
775 1423 901 1475 comes
929 1423 972 1474 ea
999 1397 1128 1476 Electa
1155 1393 1353 1498 relinquet.

166 1514 287 1616 Super
305 1524 423 1592 castro
441 1514 591 1611 Lanoei,
613 1514 762 1594 Electus
781 1526 819 1593 et
837 1515 972 1596 Comes
992 1516 1217 1618 promittunt
1235 1527 1333 1594 stare
1358 1511 1604 1615 beneplacitis

85 1645 130 1712 et
156 1630 343 1712 mandatis
377 1657 501 1734 papae,
528 1644 566 1710 et
599 1633 733 1713 Comes
768 1634 970 1714 confitetur
1002 1661 1042 1713 se
1062 1632 1209 1713 nullum
1225 1639 1288 1733 jus
1307 1631 1447 1712 habere
1475 1631 1513 1710 in
1541 1629 1607 1710 illo

84 1762 220 1842 castro,
247 1749 348 1853 quod
376 1778 397 1829 a
423 1750 589 1831 dominis
618 1754 790 1852 ejusdem
818 1753 927 1832 castri
955 1754 1025 1833 luit
1051 1751 1123 1832 sibi
1152 1752 1190 1832 in
1218 1751 1387 1832 custodia
1413 1775 1603 1831 commen·

84 1870 233 1948 datum.

168 1989 225 2067 Ad
253 1998 416 2068 castrum
445 1988 689 2092 Rippolarum
719 1989 818 2092 quod
846 1990 992 2083 attinet,
1029 1991 1163 2070 Comes
1197 1987 1362 2069 declarat
1395 1987 1490 2068 illud
1528 2014 1603 2066 non

85 2125 233 2201 tenere,
260 2107 325 2186 sed
354 2105 518 2186 tenuisse
546 2107 701 2186 nomine
728 2107 886 2188 Amedei
914 2108 1063 2188 comitis
1091 2107 1300 2188 Sabaudiae
1328 2107 1450 2186 fratris
1478 2104 1547 2185 sui.

165 2227 218 2306 De
245 2225 383 2327 quibus
410 2225 588 2304 omnibus
616 2253 655 2305 se
684 2227 924 2328 fidejussores
947 2229 1182 2307 constituunt
1199 2226 1414 2307 Bonifaoius
1433 2223 1603 2304 marchio

82 2343 353 2425 Montisferrati
382 2371 446 2446 pro
474 2343 580 2423 mille
609 2344 811 2441 (marchis),
830 2345 1073 2426 Bastardinus
1101 2372 1166 2450 pro
1185 2343 1467 2450 quinquaginta,
1486 2343 1603 2424 abbas

82 2462 270 2543 Secuxiae
289 2463 335 2540 de
363 2489 477 2565 papae
505 2462 683 2541 mandato
710 2491 775 2565 pro
803 2475 969 2557 centurn,
999 2465 1178 2568 magister
1204 2463 1418 2568 Stephanus
1443 2462 1490 2542 de
1508 2461 1600 2542 Mol·

83 2583 182 2661 letto
209 2580 495 2661 archidiaconus
525 2609 588 2684 pro
622 2594 787 2676 uentum,
823 2594 860 2661 et
887 2583 1063 2688 magister
1099 2585 1207 2689 Hugo
1234 2584 1281 2662 de
1317 2581 1602 2672 mortuomari,

81 2700 261 2781 officialis
289 2699 560 2780 cantuariensis
590 2717 827 2804 prouentum
849 2701 1025 2781 marchis.

163 2823 253 2900 Acta
281 2819 319 2898 in
348 2820 558 2922 praesentia
587 2831 733 2920 patrum
762 2820 1009 2900 cardinalium
1039 2821 1231 2901 Octaviani
1259 2822 1294 2901 S.
1325 2821 1462 2900 Mariae
1482 2820 1518 2898 in
1540 2821 1596 2898 via

81 2942 165 3018 lata
193 2951 230 3018 et
255 2939 439 3019 lobannis
467 2940 501 3018 S.
522 2937 669 3017 Nicolai
696 2951 733 3018 et
760 2940 923 3020 Carceris
951 2939 1124 3020 Tulliani.
1152 2941 1368 3021 Leonardus
1396 2942 1443 3019 da
1465 2938 1600 3018 Trebin

83 3059 125 3136 S.
157 3058 198 3137 Β.
226 3059 266 3136 E.
294 3056 495 3138 scrinarius
523 3057 676 3161 scripsit.

164 3178 300 3255 Datum
330 3177 427 3279 apud
456 3187 608 3279 pontem
637 3177 776 3276 sturiae
805 3177 843 3255 in
871 3176 1036 3256 Ecclesia
1065 3178 1101 3255 S.
1129 3176 1307 3280 Agathos.

246 3362 288 3443 (E
310 3362 349 3423 Β.
372 3361 449 3423 aab.
472 3362 617 3441 Archisp.
641 3363 838 3436 Taurinensi,
862 3364 930 3424 (lat.
947 3366 975 3437 Ι,
992 3364 1082 3424 Faao.
1098 3362 1127 3437 Ι,
1150 3382 1182 3422 n.
1199 3364 1247 3422 28.
1265 3363 1312 3424 Μ.
1328 3362 1372 3424 Η.
1390 3361 1429 3423 Ρ.
1446 3361 1553 3424 Chert.
1570 3365 1599 3437 Ι,

167 3460 225 3521 col.
245 3461 345 3536 1409).
362 3459 481 3520 Datum
501 3458 1073 3532 dieitursanno1251,P0ntifioatus
1095 3459 1223 3520 Domini
1245 3459 1347 3537 Papae
1367 3460 1544 3522 Innocentii
1556 3459 1603 3522 1v

170 3575 253 3618 anno
275 3575 368 3629 nono,
391 3556 555 3618 Indicione
575 3576 670 3631 nona,
693 3577 795 3618 mensa
817 3556 894 3618 Julii
915 3558 963 3620 die
985 3557 1124 3620 torcia.»

246 3669 305 3730 Sed
325 3688 426 3730 annus
448 3669 581 3732 daoimus
608 3671 813 3732 Pontificatua
843 3670 1020 3733 Innocentii
1040 3672 1086 3733 IV
1104 3672 1170 3750 J'em
1191 3671 1240 3732 die
1261 3689 1331 3730 xxv
1354 3670 1443 3732 Juuii
1473 3669 1602 3732 initium

166 3766 328 3828 habuerat.
356 3767 524 3846 Exemplar
555 3769 636 3844 quod
660 3771 743 3831 extat
766 3769 799 3828 in
832 3769 871 3828 Β.
904 3769 1069 3830 Tabulario
1100 3769 1313 3841 Tauriuensis,
1346 3767 1423 3830 haee
1455 3766 1599 3846 praebat:

168 3888 183 3924 u
206 3865 297 3924 Anno
318 3863 480 3924 millesimo
501 3865 710 3925 ducentesimo
732 3865 987 3943 quinquagesimo
1009 3865 1120 3944 primo,
1142 3865 1343 3944 pontificatus
1368 3864 1486 3926 domini
1508 3865 1602 3925 Inno-

165 3961 257 4022 centii
280 3961 365 4038 Papa
386 3961 495 4034 Quarti
516 3981 599 4022 anno
619 3981 702 4022 nuno
723 3963 798 4023 Idua
819 3961 993 4024 novembris
1013 3981 1113 4022 mansa
1135 3961 1214 4023 Julii
1234 3962 1282 4023 die
1302 3961 1393 4022 tertia
1414 3959 1600 4022 Octobris.»

166 4057 251 4130 Quae
270 4077 335 4118 non
354 4057 445 4119 facila
464 4057 707 4137 intolliguntur).

415 4447 646 4515 nocentur.
688 4485 737 4494 -
778 4443 974 4517 castrum
1014 4444 1272 4516 Dentealaol.

459 4661 547 4731 1251,
569 4660 587 4717 5
608 4659 638 4719 d.
663 4659 752 4720 Julii.
775 4659 867 4738 Apud
888 4659 1025 4722 Montam
1045 4659 1229 4722 Melianum.

136 4841 327 4921 Amedaus
353 4867 479 4921 eomes
503 4839 726 4933 Sabaudiae,
753 4841 868 4920 donat
892 4841 1002 4920 Petro
1030 4840 1133 4920 fratri
1160 4867 1228 4920 suo
1249 4839 1286 4920 in
1303 4837 1600 4920 meliorationem

79 4959 283 5040 feudorum
313 4985 480 5051 suorum,
517 4971 658 5062 partem
694 4984 800 5039 suern
837 4957 946 5038 castri
982 4957 1203 5050 Dentesiaei,
1238 4969 1275 5037 et
1307 4957 1489 5060 quidquid
1526 4955 1602 5036 illio

72 5078 178 5180 juris
205 5076 430 5179 possidebat.

250 5245 287 5326 (E
310 5244 349 5305 Β.
374 5244 450 5306 Eeb.
482 5246 679 5318 aasumensi,
713 5247 833 5309 Iacent.
858 5246 945 5322 dab,
970 5247 1061 5310 Faae.
1084 5248 1111 5326 Ι,
1140 5267 1172 5309 n.
1195 5251 1245 5320 92,
1277 5246 1334 5308 sub
1367 5265 1451 5310 anno
1481 5261 1601 5319 uuoav,

165 5359 228 5420 quo
249 5359 332 5403 anno
352 5341 506 5404 Amadeus
524 5341 570 5404 IV
588 5342 656 5420 jam
678 5343 745 5404 vita
766 5345 981 5420 concesserat).

165 5491 193 5532 88
233 5491 333 5542 caram,
348 5491 433 5545 manta
446 5493 546 5534 comitum
560 5491 685 5534 Sabaudiae.
