4070 6186
581 365 965 432 MONASTERlUll-S.
993 359 1116 430 JUSTl

108 497 616 510 „‚—...-..———-—

201 819 356 886 0011011
388 858 420 866 -
450 815 663 888 Ancaeus
689 816 766 900 111,
794 813 989 886 flotildis
1017 813 1236 886 comitissa
1264 830 1369 884 uxor
1397 811 1500 900 sjrss.

565 971 750 1041 Domus
796 967 844 1039 Β.
891 965 1140 1054 sulpitii.

614 1182 688 1244 Sine
709 1201 792 1244 anno
813 1187 842 1244 et
865 1182 932 1243 loco
953 1182 1090 1262 (114‘tt).

167 1396 349 1496 Tempore
375 1421 450 1498 qno
482 1419 548 1496 per
582 1389 899 1494 praedicationem
929 1389 969 1468 ll.
999 1388 1179 1467 Bernardi
1216 1387 1363 1466 ahbatis
1398 1387 1608 1466 Claraeval-

95 1516 203 1594 lensis
231 1541 358 1620 regem
388 1513 617 1592 Francorum
646 1520 691 1590 ad
721 1510 996 1612 susceptionem
1027 1507 1380 1590 Hierosolimitanae
1399 1507 1609 1612 peregrina·

93 1752 308 1852 defensione
336 1750 469 1854 crucis,
496 1761 713 1852 contempto
742 1748 960 1828 consolatus
989 1747 1149 1838 honore,
1178 1747 1347 1849 ejusdem
1377 1745 1497 1825 crucis
1530 1775 1611 1824 mu-

93 1871 233 1951 nimine
268 1869 496 1960 convolavit,
523 1883 561 1948 et
587 1867 763 1948 fratribus
791 1869 825 1948 S.
859 1867 1015 1969 Sulpicii
1051 1868 1235 1948 terminos
1270 1865 1485 1962 constitnit,
1515 1865 1607 1944 infra

91 2019 180 2092 qnos
207 1990 335 2070 nullus
363 2003 510 2093 caperet
537 1989 728 2102 praedam,
752 1987 968 2068 violentiam
989 1987 1155 2084 inferret,
1174 1999 1238 2067 aut
1257 1986 1456 2066 aedificare
1476 1998 1601 2087 posset

92 2109 223 2188 lisdem
255 2138 405 2214 quoque
433 2109 620 2189 concessit
646 2135 783 2211 pascua
812 2107 857 2186 ad
887 2135 996 2186 nsum
1025 2135 1202 2210 pecorum
1234 2108 1270 2186 in
1301 2119 1377 2186 tota
1406 2119 1502 2184 terra
1529 2131 1606 2191 sna,

90 2254 151 2332 pro
179 2229 308 2308 anima
337 2227 509 2308 Umberti
538 2227 605 2308 filii
625 2227 694 2306 sui.
716 2227 819 2306 Hanc
848 2241 975 2306 autem
996 2226 1238 2306 donationem
1269 2225 1400 2306 fecisse
1429 2223 1603 2322 declarat,

89 2361 291 2452 antequam
318 2376 412 2428 uxor
439 2353 519 2448 ejus
548 2345 713 2426 Matildis
742 2345 880 2426 liberos
909 2359 1146 2448 procreasset.

248 2535 356 2615 (Edid.
381 2535 590 2608 Goroaauon,
613 2535 764 2605 Pronoea,
787 2553 858 2613 pag.
882 2536 931 2594 35.
956 2571 993 2582 -
1014 2535 1052 2595 V.
1078 2535 1155 2597 Doc.
1181 2533 1301 2606 OGLX,
1325 2553 1395 2612 pag.
1419 2536 1483 2610 95).

518 2930 690 2998 COXOHI.
722 2966 756 2976 -
786 2926 964 2998 statuta
992 2923 1203 2998 ssoustss.

720 3143 812 3204 Anno
836 3142 911 3202 1147
932 3141 985 3222 (l).
1046 3129 1049 3137 ’

156 3349 353 3430 Amedcns
381 3351 434 3430 lll
460 3377 587 3429 comes
614 3359 652 3428 et
679 3349 847 3430 marchio
867 3348 1026 3430 civitatis
1056 3349 1291 3430 Secnsiensis
1316 3349 1610 3429 consuetudines

87 3469 297 3550 confirmat.
327 3471 634 3573 (Monumentum
664 3469 902 3572 deperditum
931 3471 1014 3568 est).

301 3885 468 3954 ccxciv.
500 3923 535 3934 -
564 3881 870 3956 nonasterium
903 3881 943 3960 Β.
972 3880 1089 3953 ausu
1125 3880 1395 3953 Bonustensis.

551 4098 640 4170 1147,
663 4099 682 4155 8
704 4096 822 4160 Martii.
845 4097 916 4158 Ind.
941 4115 976 4160 x.
1001 4098 1155 4160 Seouaiao.

152 4306 350 4386 almedens
378 4305 443 4384 Dei
473 4305 590 4410 gratia
624 4332 750 4385 comes
779 4317 817 4384 et
845 4305 1032 4400 marchio,
1062 4305 1162 4384 filius
1192 4305 1362 4386 Umberti
1397 4305 1545 4387 comitis
1573 4321 1611 4386 et

80 4425 326 4514 marchionis,
353 4437 390 4504 ct
420 4423 621 4506 Umhertus
649 4424 750 4504 lilius
779 4433 859 4534 ejus
883 4437 1013 4504 notum
1036 4425 1178 4505 faciunt
1196 4425 1363 4505 Alricam
1392 4425 1607 4528 episcopam

78 4545 294 4632 ilstensem,
309 4544 584 4644 Magnifrednm
604 4543 866 4624 marchionem
882 4557 919 4624 et
932 4546 1081 4625 Bertam
1101 4545 1333 4625 comitissam
1355 4545 1609 4626 construxisse

79 4664 355 4744 monasterium
377 4663 522 4744 S..lusti
541 4663 787 4754 Seousiensis‚
802 4663 911 4767 eique
931 4665 1076 4744 tertiam
1095 4677 1236 4766 partem
1257 4665 1441 4755 Seousiae,
1457 4665 1609 4768 dempto

78 4799 216 4876 castro,
245 4783 462 4864 contulisse.
481 4783 751 4888 Cognoverunt
778 4782 891 4862 etiam
914 4782 1138 4864 Umbertum
1159 4785 1192 4864 ll
1211 4785 1422 4888 genitorem
1440 4784 1609 4874 Amedei‚

78 4931 148 4982 nec
177 4931 259 4983 non
288 4904 486 4984 Oddonem
507 4901 766 4983 marchionem
787 4917 825 4982 et
842 4903 1104 5010 Adelegildam
1130 4903 1361 4984 comitissam
1381 4932 1455 4984 non
1484 4903 1606 4984 solam

77 5023 293 5102 custodisse
315 5021 532 5102 monasterii
553 5022 666 5116 hona,
690 5023 756 5101 sed
781 5021 835 5101 illi
864 5022 1013 5103 dedisse
1041 5035 1210 5126 quartam
1241 5037 1383 5127 partem
1414 5023 1460 5104 de
1488 5023 1606 5103 Fera-

74 5169 183 5220 sasco
213 5169 304 5220 curn
331 5141 411 5220 suis
438 5141 698 5242 pertinentiis,
728 5155 765 5220 et
793 5141 1037 5222 medietatem
1070 5143 1229 5222 curtium
1264 5125 1418 5222 Canri'ae
1447 5155 1485 5221 et
1511 5144 1607 5222 Con-

75 5259 223 5339 doviaa.
254 5261 421 5340 Amedus
444 5260 494 5340 lll
514 5274 551 5338 et
570 5259 773 5340 Umbertns
794 5274 950 5364 pateret
968 5261 1067 5342 filius
1084 5261 1250 5341 latentur
1270 5261 1431 5341 nefando
1451 5289 1605 5342 suornm

74 5377 384 5460 consiliariorum
405 5379 556 5459 hortatu
576 5379 674 5458 hona
696 5380 782 5460 dicti
807 5381 1026 5462 monasterii
1046 5381 1266 5484 saepissime
1286 5381 1523 5484 perturbasse
1543 5409 1607 5486 per

157 5554 184 5594 14
228 5551 330 5601 cumn.
346 5551 431 5606 Μαῖα
447 5553 546 5594 corutum
561 5553 685 5596 cataracta.
