4050 6188
472 341 541 406 172
873 338 1069 406 REGESTA
1097 338 1301 409 COMITUM
1330 339 1577 410 SABAUDIAE

468 581 643 662 Giroldos
671 592 708 660 et
733 578 960 661 Vuillelmus
986 578 1033 659 de
1059 577 1155 674 Alio,
1181 579 1347 660 Jacohus
1374 592 1413 660 et
1438 580 1621 660 Martinus
1649 581 1697 662 de
1724 581 1937 688 Baignesni-

464 701 560 792 lites,
586 699 763 780 Giroldus
791 699 837 780 de
864 699 1037 805 Baignes,
1066 698 1267 779 Guifredos
1287 699 1546 796 Marescolcus
1572 700 1745 782 Uldrious
1762 701 1809 782 de
1827 703 1936 782 S-Pan·

465 820 591 910 oratio,
618 817 801 899 Rodnlfus
829 817 1022 913 Solorius,
1047 816 1271 897 Vnillelmns
1299 818 1456 911 Quarter
1482 831 1521 898 et
1547 819 1657 898 multi
1686 819 1759 900 alii.

627 987 669 1069 (E
691 987 730 1048 R.
753 986 1056 1072 consoranensi,
1078 986 1240 1066 Beneficcs
1261 987 1300 1048 de
1321 987 1352 1048 to
1373 987 1427 1048 dos
1447 987 1572 1062 Morsu,
1596 987 1628 1051 S.
1652 989 1814 1064 Maurice,
1834 1007 1891 1068 pag.
1907 993 1939 1060 to,

544 1106 578 1148 n.
602 1087 651 1158 11,
673 1085 721 1148 Μ.
744 1085 790 1147 H.
811 1085 850 1146 P.
875 1084 984 1147 Ohert.
1007 1083 1036 1158 1,
1059 1084 1117 1145 ool.
1143 1084 1247 1162 1258).
1993 1083 1994 1088 ’

574 1425 746 1496 ODLXIII.
775 1463 811 1476 -
839 1422 1048 1496 fidelitas
1075 1423 1420 1497 Pinerolenetum.
1450 1428 1629 1500 statute
1654 1429 1865 1501 Pineroiit.

1082 1624 1171 1698 1220,
1194 1623 1359 1686 Pinarolii.

541 1809 750 1888 Commune
776 1823 814 1886 et
839 1804 1015 1887 homines
1041 1805 1219 1886 Pinerolii
1246 1805 1387 1886 iaciunt
1418 1806 1642 1887 fidelitatem
1678 1809 1844 1888 Thomas
1868 1811 1942 1888 Man·

463 1925 654 2006 riennensi
681 1925 809 2006 comiti
837 1937 874 2004 et
900 1924 1111 2006 marchioni
1141 1927 1178 2004 in
1207 1924 1324 2004 ltalia.

623 2097 810 2179 (Cressam,
834 2095 960 2174 On'pioc
980 2095 1171 2174 cpropresst
1189 2095 1273 2156 cotto
1294 2095 1480 2158 Monarchic
1500 2096 1536 2158 di
1556 2096 1686 2161 Scooio.
1705 2098 1854 2178 Spsoohio
1867 2117 1943 2161 otono
1994 2075 1995 2130 i

543 2193 654 2272 logico,
675 2211 748 2273 pag.
771 2194 821 2255 26.
843 2194 958 2254 Actum
978 2209 1042 2253 non
1063 2191 1171 2272 reperi.
1195 2193 1254 2254 Sei
1275 2191 1308 2252 in
1328 2193 1452 2256 statutis
1472 2191 1621 2256 Pinarolii
1642 2195 1768 2274 legitur:

623 2313 639 2352 r
660 2291 747 2354 Haeo
767 2294 841 2354 suni
867 2293 985 2353 statute
1005 2293 1036 2352 ei
1055 2289 1272 2352 ordinamenta
1291 2289 1376 2353 ieots
1406 2310 1458 2371 per
1483 2291 1647 2356 Illustriss.
1675 2293 1716 2354 D.
1739 2294 1886 2356 Thomsm
1903 2295 1944 2354 Co

542 2390 647 2452 mitem
668 2387 843 2468 pressatum
862 2390 892 2448 ei
913 2387 1067 2466 sepientes
1087 2386 1236 2448 Pinarolii
1257 2387 1296 2448 ed
1317 2387 1377 2449 hoo
1397 2389 1519 2464 electos,
1542 2393 1573 2452 si
1592 2391 1767 2469 specialiter
1791 2393 1946 2454 constitutos

543 2489 682 2548 currente
702 2485 864 2546 millesimo
879 2501 980 2544 ccxx.
1002 2483 1118 2544 Indici.
1134 2502 1210 2547 v111.
1229 2507 1245 2545 r
1269 2482 1345 2562 Cep.
1361 2483 1396 2544 H
1416 2484 1611 2547 inscribitur:
1636 2508 1651 2546 c
1674 2487 1719 2548 De
1732 2507 1868 2566 persone,
1881 2486 1946 2548 rebor

541 2587 571 2645 ei
587 2583 711 2662 juribus
732 2582 893 2644 illustriss.
916 2582 958 2643 D.
981 2580 1116 2642 Thomas
1137 2581 1260 2642 comitis
1281 2579 1456 2644 Sebeuoiao
1474 2583 1658 2662 salvandis).
1682 2609 1697 2646 ›

817 2905 987 2974 cmxiv.
1017 2945 1051 2954 -
1080 2905 1236 2975 Domus
1262 2903 1421 2974 Montis
1448 2903 1620 2976 (leniuit.

682 3107 769 3174 1221,
794 3103 831 3162 29
853 3101 1040 3174 Decembris,
1064 3103 1218 3174 ianuarii,
1241 3101 1312 3163 Ind.
1337 3121 1385 3162 rx.
1410 3104 1447 3163 In
1469 3103 1585 3182 peletio
1607 3104 1753 3166 sicusino.

539 3287 704 3366 Thomas
731 3313 857 3367 comes
884 3286 1183 3367 Mauriennensis
1210 3299 1248 3367 et
1278 3288 1317 3368 in
1354 3288 1461 3368 Italia
1493 3289 1676 3384 marchio,
1707 3301 1747 3369 et
1777 3289 1945 3394 Margarita

461 3405 652 3487 comitissa
679 3435 771 3486 uxor
797 3413 890 3506 ejus
916 3405 1060 3508 filiique
1088 3435 1220 3487 eornm
1248 3408 1439 3488 Amedeus
1466 3422 1503 3488 et
1529 3409 1760 3489 Hombertus
1778 3408 1946 3488 Domoiet

460 3527 621 3607 Henrioo
648 3524 854 3630 praeposito
882 3525 1020 3605 Montis
1047 3527 1186 3606 Cenisii
1214 3527 1356 3606 donant
1382 3527 1626 3629 capellaniam
1656 3529 1795 3608 dictam
1815 3525 1947 3608 Comitis

459 3658 496 3724 et
522 3673 654 3726 omnes
681 3643 850 3724 redditos
877 3671 897 3723 a
925 3642 1008 3747 palo
1034 3643 1237 3725 Bonizonis
1265 3645 1361 3725 inira
1388 3673 1517 3726 versus
1545 3646 1703 3728 Italiam.

534 3766 662 3846 Testes
696 3763 815 3870 rogati
849 3762 1064 3844 Bonifatius
1099 3764 1215 3844 abbas
1256 3765 1454 3862 clusinus,
1482 3765 1717 3847 Willielmus
1757 3767 1804 3848 (le
1845 3765 1947 3847 Erlino
1996 3779 1997 3850 t

457 3885 668 3965 monachus
695 3883 875 3981 clusinos,
905 3885 1038 3963 Petrus
1065 3883 1111 3963 de
1138 3884 1333 3978 Amasino,
1365 3886 1531 3965 ioannes
1566 3884 1804 3984 Blanchordi,
1839 3887 1946 3966 Petrus

457 4005 503 4084 de
530 4005 683 4102 Tanain,
724 4003 817 4085 Rod.
858 4004 905 4082 de
945 4002 1200 4089 camberiaco,
1240 4005 1406 4084 ioannes
1446 4007 1603 4108 scriptor
1630 4005 1800 4102 comitis,
1839 4007 1945 4086 Petrus
1996 4077 1997 4080 a

456 4123 637 4227 presbiter
663 4135 700 4202 et
726 4121 932 4203 canonicus
960 4121 1100 4202 Montis
1127 4121 1276 4204 Conisii.
1995 4093 1997 4160 i

532 4242 723 4325 Corradus
752 4242 840 4347 imp.
868 4242 987 4323 Auloe
1015 4242 1183 4324 notarius
1211 4243 1368 4346 scripsit.

612 4415 654 4498 (Ei
675 4415 714 4476 R.
737 4413 813 4478 Teb.
836 4413 1033 4476 Teurinensi.
1057 4413 1267 4487 Gnmnmmrr,
1289 4413 1438 4488 Horace,
1461 4432 1532 4493 pag.
1555 4416 1620 4492 68).

798 4760 952 4832 ODLXV.
985 4797 1023 4810 -
1056 4756 1196 4847 Aymo
1223 4753 1275 4826 de
1301 4756 1437 4828 Ponte
1464 4753 1625 4826 vitreo.

849 4959 938 5031 1221,
961 4958 979 5017 9
1000 4954 1155 5019 ianuarii.
1178 4953 1250 5016 ind.
1274 4972 1325 5014 rx.
1349 4953 1428 5036 (stit.
1451 4953 1584 5031 Inosr.).

526 5141 779 5227 Commutatio
804 5140 993 5222 honorum
1022 5139 1121 5219 inter
1141 5138 1351 5239 Aymonem
1372 5135 1419 5215 de
1439 5136 1557 5215 Ponte
1577 5134 1707 5215 Vitreo
1726 5147 1763 5214 et
1779 5133 1940 5214 Theman

447 5266 625 5346 comitem
653 5261 865 5344 Sahaodiae
902 5271 940 5338 et
975 5257 1237 5337 marchionem
1276 5255 1315 5336 in
1353 5253 1470 5334 Italia.
1506 5255 1623 5357 Aymo
1656 5254 1757 5334 cedit
1781 5245 1939 5355 quidquid

450 5384 565 5466 habet
591 5398 628 5465 et
655 5410 768 5464 omne
791 5389 991 5483 jussuum
1021 5379 1059 5458 in
1089 5379 1205 5457 Turre
1233 5389 1271 5456 et
1299 5375 1336 5455 in
1365 5374 1452 5454 Sola
1479 5385 1517 5454 et
1544 5375 1581 5454 in
1609 5386 1729 5456 castro
1756 5373 1799 5452 de
1833 5369 1938 5450 Sation
