4050 6188
457 385 524 451 176
856 385 1053 452 Rucnsra
1080 384 1284 453 COMITUM
1313 385 1556 454 sassauuran

453 624 607 706 tenebat
623 623 662 705 in
680 623 824 731 Bargiis
842 636 881 705 et
899 624 1123 706 Fontcnillis
1140 637 1179 706 et
1195 624 1415 707 Ronchallis
1430 638 1468 705 et
1482 624 1529 705 dc
1548 624 1719 707 dominio
1733 636 1771 707 et
1789 625 1937 708 fidelitate

453 756 491 825 et
507 742 684 825 omnihus
700 744 859 851 juribus,
878 772 974 848 quae
993 744 1071 848 ipse
1091 744 1267 825 habetin
1287 743 1490 826 Guillelmo
1518 745 1738 827 marchione
1767 745 1813 826 de
1837 747 1937 838 Busca,

453 863 492 944 in
512 876 634 946 castro
652 875 690 944 ct
708 863 794 944 villa
812 864 995 960 cuschae,
1023 876 1060 944 et
1086 863 1124 944 iu
1155 864 1376 946 huminibus
1405 865 1521 967 ipsius
1549 864 1757 961 Guillclmi,
1786 877 1822 944 et
1837 865 1871 945 in
1886 867 1939 944 do-

454 982 568 1064 minis
587 983 845 1078 deBeruecio,
863 984 957 1064 etin
976 995 1097 1064 castro
1117 997 1155 1064 et
1174 983 1261 1065 villa
1281 983 1452 1065 Bernecii
1478 999 1547 1064 etc.
1576 985 1623 1064 Et
1645 983 1717 1064 hoc
1743 984 1822 1064 sive
1836 984 1940 1064 matri·

454 1102 638 1195 monium,
658 1104 757 1207 quod
777 1103 890 1184 dehet
917 1103 999 1184 ficri
1027 1103 1296 1185 interdictum
1329 1102 1566 1183 Manfredum
1597 1113 1634 1182 et
1666 1114 1842 1206 nepotem
1870 1102 1938 1183 dicti

453 1223 620 1317 Comitis,
651 1223 770 1304 filiam
799 1223 966 1327 Amedcy
992 1222 1061 1304 filii
1089 1224 1147 1304 sui
1175 1222 1431 1316 contrahatur,
1459 1222 1537 1302 sive
1569 1249 1660 1310 non,
1678 1221 1941 1326 dummodopor

454 1342 578 1445 ipsum
597 1341 836 1423 Manfredum
856 1369 932 1423 non
952 1353 1043 1438 stet„
1064 1342 1268 1446 quominus
1296 1341 1584 1423 matrimonium
1609 1341 1734 1446 aliquo
1754 1369 1839 1423 casu
1856 1342 1941 1422 fuerit

454 1461 691 1543 dissolutum.
722 1462 803 1542 Hoc
834 1459 1083 1543 instrumento
1115 1489 1262 1542 cassum
1295 1475 1352 1542 est
1381 1460 1483 1543 aliud
1502 1461 1814 1558 instrumentum,
1833 1461 1869 1541 in
1887 1489 1941 1564 quo

456 1582 670 1662 Manfredus
688 1581 858 1684 promisit
875 1581 1005 1663 comiti
1024 1593 1235 1663 trecentum
1257 1580 1427 1661 marchas
1454 1581 1612 1687 argenti,
1640 1581 1671 1661 si
1699 1578 1835 1662 Comiti
1854 1579 1943 1660 nollet

456 1701 576 1781 faeere
595 1701 831 1782 fidelitatem.
2006 1783 2007 1800 Ν

529 1822 658 1926 Testes
675 1823 829 1903 fuerunt
846 1821 1031 1902 Hauricus
1051 1821 1222 1900 marchio
1241 1821 1287 1901 de
1305 1821 1442 1916 Saone,
1456 1821 1678 1924 Gratapalea
1696 1829 1779 1922 ejus
1797 1845 1944 1927 gencrus,
2006 1827 2007 1862 ³

456 1943 534 2048 Ugo
560 1941 729 2022 marchio
756 1941 802 2021 de
830 1942 973 2036 Careto,
999 1940 1194 2022 Johanues
1221 1939 1455 2044 praepositus
1482 1940 1529 2020 de
1556 1941 1592 2020 S.
1621 1938 1784 2034 Albano,
1812 1941 1944 2021 Obcrtus

456 2061 636 2165 Spinolla‚
663 2061 888 2144 Gullielmus
919 2062 966 2140 de
1000 2059 1178 2152 Coeralio,
1215 2059 1407 2141 Conradus
1436 2059 1565 2162 judex,
1599 2059 1730 2139 oculus
1760 2063 1808 2162 (t)
1842 2059 1944 2161 Capra,
2006 2117 2007 2120 a

459 2180 640 2264 Rodulfus
666 2180 713 2261 de
741 2184 911 2263 Gerxano
939 2184 1003 2277 (de
1031 2184 1227 2278 Germano)
1256 2179 1397 2260 Davide
1425 2179 1559 2260 Crosso
1588 2184 1766 2279 (Orosc?).

534 2300 690 2407 Ogerius
717 2301 765 2382 de
792 2299 913 2382 Sierio
941 2299 1109 2382 noterius
1136 2299 1295 2403 scripsit.

616 2454 658 2537 (E
680 2453 720 2517 B.
744 2453 821 2517 Teb.
845 2453 1042 2526 Teminanci,
1065 2453 1210 2531 caroso,
1233 2452 1441 2527 umorum,
1463 2451 1533 2516 Oct.
1556 2453 1586 2527 4,
1610 2450 1703 2515 Facu.
1720 2453 1749 2526 1,
1772 2471 1806 2513 n.
1821 2455 1850 2512 5.
1869 2449 1946 2510 rnu·
2006 2415 2007 2490 Ῐ

538 2551 661 2632 scripsit
681 2555 719 2614 P.
740 2552 881 2632 Versu).

652 2842 834 2913 GDLXXV.
865 2879 906 2950 -Ι
927 2839 1183 2933 Ηοηιιςίιιιιι
1210 2836 1470 2910 Ματοὴίοιιίι
1498 2836 1772 2910 Salutierun.

1076 3040 1163 3114 laec,
1186 3041 1205 3101 6
1225 3036 1343 3100 Mutii.

536 3208 750 3290 Maufredus
777 3207 828 3286 III
856 3205 1026 3286 marchio
1054 3205 1281 3286 Salutiarum
1312 3205 1533 3309 homagium
1554 3202 1826 3284 facitThomae
1843 3195 1945 3282 comiti
2005 3223 2006 3240 ¹

461 3327 669 3410 Sabaudiae
697 3353 762 3430 pro
789 3338 909 3406 castro
935 3325 1117 3406 Buschae.

618 3481 738 3563 (Indici
760 3481 842 3544 Occu
864 3497 879 3541 e
901 3479 1090 3551 Mcctacim',
1107 3497 1158 3540 an.
1176 3480 1264 3552 lucc,
1285 3477 1451 3551 Murram,
1470 3476 1619 3539 Memorio
1633 3477 1668 3537 di
1683 3475 1826 3549 Solum,
1841 3473 1903 3536 Vol.
1916 3471 1948 3540 Hc

539 3599 610 3660 pag.
633 3582 701 3640 245.
724 3578 838 3640 Actum
858 3575 1048 3657 deperditum
1070 3574 1215 3653 videtur).

642 3929 645 3940 .
746 3871 945 3941 ODLXXVI.
976 3907 1012 3917 —
1038 3868 1100 3938 Dc
1128 3861 1387 3938 castellanis
1412 3858 1689 3933 Pcdcmontti.

992 4047 1068 4107 1223
1090 4047 1128 4108 27
1148 4044 1280 4126 Aprilis.
1301 4043 1373 4104 Iud.
1396 4059 1445 4102 xr.

537 4217 743 4302 Concordia
770 4222 868 4297 inter
899 4215 1083 4296 Thomam
1118 4211 1296 4293 comitem
1334 4209 1676 4299 mauriannensem,
1715 4204 1946 4286 marchionum

463 4341 500 4422 iu
529 4338 634 4421 Italia
661 4351 699 4416 ot
725 4335 824 4416 filios
853 4362 940 4415 suos
974 4361 1018 4412 er
1056 4361 1129 4413 una
1166 4345 1288 4435 parte,
1316 4340 1425 4409 etex
1452 4326 1568 4406 altera
1604 4324 1825 4405 castellanos
1853 4317 1948 4400 Pede·

462 4458 596 4540 moutii
624 4457 822 4563 quierant
858 4454 904 4534 de
941 4466 1044 4558 parte
1079 4449 1384 4539 Taurinensium‚
1419 4447 1592 4528 ordinate
1630 4472 1695 4549 per
1734 4439 1945 4524 Ambrosium

462 4577 696 4662 Cocorellum
724 4587 761 4655 et
786 4572 1008 4655 Benivolum
1037 4573 1083 4652 de
1109 4571 1278 4666 Bellauo,
1304 4568 1563 4649 ambaxatoras
1583 4562 1804 4648 Communis
1821 4555 1947 4640 Vercel-

461 4702 594 4782 larum.
621 4695 820 4777 Castellani
848 4692 983 4774 Comiti
1012 4691 1236 4771 fidelitatem
1266 4688 1413 4780 faciant,
1443 4687 1576 4766 Comes
1612 4711 1676 4763 eos
1703 4681 1871 4763 investire
1900 4677 1948 4755 dc·

464 4821 550 4902 beat
576 4818 622 4899 de
649 4842 780 4897 corum
808 4825 909 4894 recto
937 4813 1062 4894 feudo.

538 4937 660 5020 Guido
688 4936 735 5016 de
761 4934 936 5014 Plozaseo
954 4930 1126 5036 promisit
1147 4930 1239 5010 haec
1256 4955 1411 5018 servare,
1430 4925 1548 5007 David
1567 4923 1768 5006 castellano
1786 4918 1946 5042 Acilianos

461 5057 664 5163 recipiente
683 5054 837 5136 nomine
856 5051 1022 5141 Comitis,
1050 5051 1146 5131 inter
1175 5050 1390 5130 Plozasoum
1415 5057 1453 5125 et
1471 5045 1757 5132 Comavianam;
1775 5042 1858 5120 item
1876 5029 1945 5114 uuo

461 5193 499 5260 et
524 5176 742 5260 Fredclieus
770 5174 816 5254 de
842 5172 1015 5252 Plozaseo
1043 5171 1112 5273 ipsi
1140 5168 1269 5250 comiti
1298 5165 1565 5270 promiserunt,
1603 5179 1641 5243 et
1672 5161 1883 5242 fidelitatem
1907 5150 1943 5228 sc
2001 5193 2002 5238 r

462 5308 607 5392 cerunt,
633 5295 696 5400 qui
725 5321 788 5374 eos
814 5293 861 5376 de
888 5305 990 5371 recto
1018 5288 1132 5368 feudo
1159 5285 1359 5368 investivit
1389 5287 1490 5365 Haec
1517 5283 1611 5364 facta
1643 5293 1733 5360 sunt
1762 5269 1942 5404 intaruPlo·

462 5444 611 5498 zascum
638 5429 676 5496 et
695 5415 982 5514 Camajuranam
1005 5409 1360 5512 (eunomianum).
1378 5406 1515 5512 ¹Postea
1540 5428 1625 5482 vcro
1645 5399 1684 5481 in
1704 5411 1822 5480 castro
1836 5393 1941 5492 Vrgcssi
