4198 6190
478 345 523 410 46
881 344 1078 413 Ruonsra
1106 343 1309 412 COMI'I'UM
1337 341 1598 412 statumen·

482 475 1143 500 ---·--··---†--·--··-
1153 476 1344 482 --.--—
1629 474 1898 482 ψᾙ
1907 475 1992 480 ,-

475 582 647 661 concedit
675 609 850 660 mausum
874 573 1059 661 nnumin
1077 583 1245 686 Agauno,
1272 583 1310 662 in
1332 584 1413 664 loco
1434 583 1547 686 plano
1566 595 1603 660 et
1622 581 1659 661 in
1682 593 1811 661 monte
1828 581 1993 678 verona,

475 701 547 780 suh
575 699 802 780 redibitione
830 727 965 780 census
992 702 1189 782 duodecim
1220 702 1474 782 denariorum.

551 822 651 924 Popo
679 820 863 924 presbiter
889 820 969 900 vice
997 820 1184 900 Turiherti
1211 821 1420 901 cancellarii
1450 822 1605 926 scripsit.

634 969 701 1050 (M.
724 974 768 1038 H.
794 974 833 1034 P.
858 974 967 1034 Ohsrt.
989 974 1043 1048 11,
1066 975 1125 1035 col.
1150 976 1238 1052 142).

601 1263 761 1332 CXXXII.
793 1301 829 1312 -
858 1257 1082 1332 Umbcrtus
1110 1263 1130 1330 1
1157 1264 1200 1331 et
1230 1259 1497 1340 Thacbcldus
1524 1261 1734 1331 Maurico.
1759 1261 1862 1348 cpia.

802 1459 889 1530 1046,
916 1459 950 1517 14
974 1457 1062 1517 Junii
1088 1461 1095 1532 (
1108 1458 1262 1534 ttoguouto
1283 1457 1421 1519 Haurico
1441 1459 1523 1536 Imp.
1547 1457 1659 1530 VIIII.

548 1642 780 1721 Humbertus
808 1665 934 1720 comes
962 1653 999 1719 ct
1038 1639 1250 1720 Teobaldus
1290 1639 1485 1743 episcopus
1522 1639 1826 1720 mauriennensis
1871 1665 1986 1718 cano-

472 1763 576 1840 nicae
605 1762 640 1839 S.
661 1760 845 1839 Johaunis
872 1759 1062 1862 Baptistae
1090 1758 1393 1839 mauriennensis
1422 1761 1566 1840 donant
1593 1761 1857 1860 possessiones,
1880 1759 1991 1860 justi-

472 1880 547 1960 cias
574 1893 612 1958 et
638 1878 856 1978 injusticias,
885 1906 976 1982 quas
1006 1878 1146 1958 habeut
1164 1879 1201 1958 in
1223 1877 1316 1958 valle
1345 1881 1482 1970 Maura,
1502 1880 1540 1959 in
1571 1880 1692 1982 primo
1717 1878 1862 1959 villario
1891 1893 1928 1958 et
1954 1880 1988 1959 in

469 1999 647 2094 secundo,
675 1999 713 2078 in
745 2011 872 2078 monte
899 1998 1073 2088 dimone,
1103 1996 1139 2076 in
1169 1997 1295 2088 Cuina,
1323 1997 1989 2102 11111118.111111111111143111111,

469 2119 507 2199 i'n
536 2118 743 2198 castellario
769 2117 872 2198 1111
901 2129 1029 2198 monte
1048 2116 1236 2198 Romesio.
1257 2116 1491 2198 Humbertus
1514 2144 1643 2198 comes
1672 2116 1987 2197 dominicaturam

471 2239 605 2328 donat,
633 2236 828 2342 episcopus
859 2238 1092 2318 l'enotariam.
1127 2237 1165 2317 S.
1192 2235 1365 2316 dimonis
1398 2237 1545 2340 nepotis
1579 2243 1680 2338 ejrrs,
1706 2237 1743 2316 S.
1771 2235 1989 2326 Berillonis,

449 2358 509 2436 S.
539 2356 690 2437 Odonis.

631 2503 806 2582 (0111111111
829 2523 867 2564 nr
889 2503 1029 2581 Prosus,
1052 2503 1150 2576 Deo,
1174 2521 1246 2580 pag.
1270 2503 1319 2573 95,
1342 2499 1402 2562 hac
1423 2501 1488 2562 dia:
1516 2504 1550 2560 14
1572 2502 1607 2564 di
1632 2501 1754 2578 Giupoo
1777 2505 1989 2562 1011711008

551 2601 719 2680 Mendosa).

956 2891 1135 2958 CXXXIII.
1167 2929 1203 2939 -
1231 2887 1456 2960 umbertus
1483 2892 1515 2959 1.

1007 3084 1080 3145 Sine
1099 3085 1165 3144 loco
1186 3088 1216 3144 et
1236 3104 1318 3144 anno
1342 3085 1442 3148 1046?

547 3266 750 3346 Umbertus
777 3293 904 3346 comes
939 3266 1128 3346 canonicis
1166 3267 1202 3344 S.
1231 3265 1370 3344 Mariae
1406 3279 1443 3342 et
1468 3265 1626 3345 Joannis
1652 3265 1840 3368 Baptistae
1869 3283 1905 3346 et
1940 3269 1984 3346 ad
2067 3269 2068 3330 ἶ

471 3385 615 3464 clerum
643 3386 759 3465 donat
787 3387 886 3466 bona
912 3385 1031 3488 posite
1058 3385 1097 3464 in
1126 3388 1338 3488 episcopatu
1370 3383 1668 3481 mauriannensi,
1697 3385 1795 3464 idest
1823 3385 1861 3465 in
1891 3387 1985 3466 villis
2067 3459 2068 3474 ,

469 3506 600 3595 Cnina,
628 3505 824 3600 Ascalone,
853 3505 1026 3586 Grivotea
1053 3518 1091 3583 et
1118 3503 1156 3583 in
1185 3514 1315 3584 monte
1335 3503 1530 3605 Reynerio,
1551 3516 1588 3582 et
1606 3503 1734 3584 omnia
1753 3519 1848 3607 qua'e
1868 3507 1985 3584 Thau·
2067 3559 2068 3566 ,

469 3624 604 3705 baldus
632 3623 825 3728 episcopus
853 3625 1187 3726 perdonationem
1224 3621 1373 3702 comitis
1405 3637 1533 3701 tenere
1567 3621 1783 3717 videbatur,
1812 3625 1877 3702 sed
1904 3651 1985 3702 me-

469 3743 648 3822 dietatem
678 3742 828 3822 illorum
858 3743 1043 3823 bonorum
1072 3744 1209 3822 retinet
1236 3741 1404 3844 quandiu
1423 3741 1567 3820 vixerit.
1591 3789 1636 3800 -
1657 3741 1693 3819 S.
1714 3741 1894 3842 Aymonis
1918 3771 1984 3820 ne-

468 3862 563 3964 potis
590 3871 682 3964 1111.
711 3862 747 3941 S.
775 3862 985 3946 Berillonis,
1013 3863 1047 3940 S.
1077 3860 1228 3940 Odonis.

529 4081 534 4092 ,
627 4017 855 4095 (Gmcnsuor,
879 4016 1027 4086 Procnes,
1051 4033 1121 4092 pag.
1146 4017 1189 4094 6).

776 4308 948 4374 CXXXIV.
980 4347 1018 4354 --
1051 4302 1260 4375 Ancaeus
1287 4306 1307 4373 1
1335 4305 1480 4376 comcs
1508 4305 1680 4376 Romae.

1077 4501 1165 4574 1111,
1191 4503 1226 4561 11
1246 4502 1374 4581 aprina.

542 4685 726 4768 Henrious
761 4685 808 4764 III
844 4685 985 4765 Romae
1018 4717 1034 4756 «
1063 4684 1100 4764 in
1138 4683 1198 4762 die
1234 4684 1372 4762 Sancto
1409 4683 1486 4784 ipse
1522 4681 1684 4761 uicissim
1721 4709 1805 4760 cum
1841 4683 1979 4785 Agneto
2067 4679 2068 4706 .

465 4807 594 4912 regina
621 4803 805 4909 imperiali
835 4804 988 4884 nomino
1016 4815 1053 4883 et
1081 4804 1224 4882 honore
1252 4816 1310 4882 est
1337 4803 1498 4882 donatus
1526 4835 1560 4874 o.

626 4959 808 5041 (Launnnrr
834 4959 1103 5019 Hunsrnnonusrs
1132 4957 1342 5037 (Sodofortab)
1370 4935 1454 5016 Anu.
1492 4955 1619 5027 Panna,
1658 4955 1780 5032 Sma'p„
1818 4957 1902 5016 Tom.
1937 4954 1978 5024 V,
2067 5007 2068 5012 ,

542 5060 720 5138 pag.154).

544 5291 561 5331 1
589 5256 659 5338 Hic
685 5261 932 5358 (Imperator)
961 5255 1064 5336 misit
1093 5281 1156 5359 pro
1183 5255 1320 5337 comite
1346 5256 1514 5336 Amedeo
1543 5266 1585 5334 111
1612 5253 1757 5335 veniret
1783 5256 1829 5334 ad
1855 5253 1973 5356 ipsum
2067 5279 2068 5284 ¹

463 5403 573 5458 causa
591 5375 781 5457 asooiandi
801 5405 889 5456 eum
910 5403 998 5456 cum
1018 5375 1089 5456 iret
1107 5376 1333 5468 Romamad
1353 5375 1607 5478 accipiendum
1625 5375 1974 5476 coronam-Congro·
2067 5381 2068 5430 3
