4096 6190
467 349 537 414 328
870 347 1069 416 REGESTA
1094 347 1299 416 GOMITUM
1326 347 1573 416 SABAUDIAE

542 585 638 648 missa
659 585 813 648 videntur.
837 584 979 664 Denique
999 585 1079 648 unde
1099 586 1272 660 Vemania,
1294 586 1571 659 amentissimus,
1593 587 1641 650 val
1662 587 1855 650 amanuensis
1875 607 1947 651 exm-

543 684 612 764 plar
632 683 846 764 desumpserit,
864 702 928 746 nen
947 687 1082 746 eenstat.
1106 683 1185 746 Mihi
1208 684 1244 746 tit
1263 684 1427 747 vmisimile
1449 684 1594 748 ehartam
1616 685 1656 748 ad
1680 703 1774 748 usum
1800 687 1948 748 meusetuii

541 779 959 961 {effisffifflm
975 781 1057 860 quei
1078 799 1166 861 saepe
1187 799 1258 845 enm
1280 781 1455 848 flabaudiae
1475 781 1642 850 eomitibus
1655 781 1838 848 diseerdiam
1850 781 1947 856 habuit,
2021 840 2022 912 1

799 1227 975 1295 OMXLIX.
1005 1265 1041 1275 -
1068 1222 1313 1316 Margarita
1340 1222 1391 1295 de
1419 1221 1650 1296 sabaudia.

1178 1421 1266 1482 1201.

818 1607 969 1679 Peeetet
991 1605 1064 1702 sen
1066 1659 1175 1678 .....
1206 1607 1290 1682 eon
1316 1605 1362 1680 de
1388 1609 1552 1706 Saeeye.
1657 1717 1660 1722 ,

816 1845 919 1920 Sena
945 1843 988 1917 le
1013 1863 1214 1941 campane

817 1965 890 2038 Les
916 1971 1091 2058 trempas
1116 1983 1207 2053 een,
1232 1984 1252 2036 e
1279 1963 1320 2037 le
1346 1965 1500 2038 Peeetet
1525 1963 1636 2051 erim

819 2079 1092 2155 emendante·
1107 2078 1245 2180 jovem
1270 2103 1291 2154 e
1316 2083 1494 2173 eoeleste,

818 2203 931 2274 Prota
956 2221 975 2273 e
999 2201 1136 2287 eutem·
1161 2221 1181 2274 e
1209 2197 1322 2275 tedae
1347 2199 1515 2276 aridae:
1541 2201 1620 2277 Sia.

620 2366 811 2449 (Risinium
839 2384 883 2427 en
908 2365 1101 2439 Vanuuunas
1121 2366 1274 2440 earmina,
1297 2367 1381 2446 apud
1402 2366 1619 2440 Beruenses,
1644 2366 1754 2441 Oteie,
1780 2365 1845 2428 III.
1867 2385 1895 2446 p.
1913 2365 1959 2424 eet

541 2468 652 2543 etseq.

622 2559 828 2642 (Rambuldns
848 2561 982 2624 nobilem
1002 2565 1219 2624 matronarum
1240 2561 1373 2624 eherum
1393 2561 1538 2624 describit
1553 2561 1587 2623 in
1601 2559 1697 2624 Italia
1710 2557 1958 2641 Superioriarmis

543 2660 747 2722 deemtantem
767 2677 840 2721 eum
856 2680 872 2719 s
887 2659 964 2722 Bata
981 2658 1145 2721 Oeeeliere
1160 2683 1189 2734 a,
1212 2659 1355 2722 videlieet
1374 2677 1446 2722 eum
1466 2659 1616 2734 Beufflee,
1638 2657 1800 2722 Beniiaeii
1820 2657 1838 2718 1
1854 2655 1958 2718 uun

542 2755 720 2820 forestensis
739 2755 1029 2833 mauehienisfilia,
1051 2774 1146 2835 quam
1173 2759 1263 2835 poeta
1288 2757 1425 2820 ardebat.
1451 2755 1486 2820 Si
1513 2756 1705 2836 poematium
1731 2755 1893 2818 uenditum
1913 2771 1959 2814 ere

542 2855 645 2918 dimus
666 2873 749 2916 anno
771 2856 859 2927 1185,
881 2854 1014 2916 utinen
1042 2854 1124 2917 nulli
1153 2855 1344 2928 existiment,
1366 2853 1535 2916 femineum
1567 2873 1688 2941 agmem
1718 2853 1830 2916 ‹luetat
1857 2852 1958 2914 aestu

542 2950 743 3024 Viennensis,
762 2956 877 3031 quarta
898 2950 1039 3013 Umberti
1060 2951 1112 3012 111
1132 2970 1218 3013 uxor.
1244 2951 1359 3013 Oontra
1380 2971 1462 3024 vere,
1483 2951 1510 3014 si
1530 2951 1716 3014 eensentlum
1734 2953 1783 3012 est
1804 2969 1883 3012 anne
1902 2950 1957 3009 leel

528 3033 693 3130 'seriptum
713 3047 819 3122 tuisse,
841 3049 924 3128 qued
944 3048 1053 3112 multis
1074 3049 1264 3128 argumentis
1284 3048 1500 3123 eeniismatur,
1520 3049 1671 3111 exereitus
1703 3048 1886 3127 magistram
1908 3065 1958 3108 esr-
2025 3098 2026 3132 ,

541 3147 645 3210 nimus
666 3146 869 3225 Margaritam
891 3146 1129 3221 Gebenuensem,
1153 3145 1290 3210 Theman
1311 3145 1433 3209 nemitis
1453 3164 1589 3210 uxerem.

619 3245 749 3323 arrepta
768 3245 940 3316 eeeasione,
956 3244 1053 3307 obiter
1073 3244 1202 3307 monebo
1221 3245 1412 3308 emendanda
1431 3263 1494 3306 esse
1513 3247 1692 3317 stemmata,
1711 3261 1793 3324 quae
1811 3242 1960 3306 Beauioen

538 3341 745 3406 Viennensem
764 3341 888 3404 tertiam
904 3341 1044 3404 Umbeuti
1057 3341 1109 3402 111
1123 3359 1249 3404 uxerem
1263 3341 1433 3404 deelarant.
1449 3340 1588 3416 Beatxin
1603 3343 1719 3420 quauta
1732 3341 1857 3406 semitis
1870 3339 1961 3403 eeninu

540 3443 569 3500 et
590 3439 696 3515 vidua,
717 3457 813 3518 usque
833 3439 873 3502 ai
894 3458 1013 3502 annum
1035 3441 1112 3501 1230
1133 3440 1233 3500 vitam
1254 3439 1424 3520 produxit).

864 3793 962 3862 OML.
989 3829 1019 3840 —
1038 3791 1100 3862 De
1126 3787 1275 3879 Lepsia
1302 3785 1581 3861 Gambaniaet.

685 4011 690 4022 ·
775 3987 864 4059 1288,
886 3986 917 4047 d.
941 3983 1090 4047 16Ju1ii.
1113 3983 1185 4048 Inui.
1209 4001 1257 4044 η.
1280 3982 1371 4062 Apud
1392 3981 1667 4058 Quambariaeum.

537 4170 729 4252 Amedeus
765 4170 812 4250 1v
850 4195 979 4248 eomes
1022 4164 1236 4249 Sabeudiae
1273 4175 1311 4244 et
1352 4163 1391 4243 in
1433 4162 1540 4243 italie
1581 4162 1752 4244 marehie
1793 4158 1961 4243 investivi

461 4292 648 4374 Jeannem
676 4291 754 4393 Gay
781 4300 818 4369 et
835 4287 1039 4370 Redulfum
1058 4289 1136 4390 Gay
1154 4298 1192 4365 et
1218 4281 1421 4364 Martinam
1442 4281 1583 4362 Fanum
1601 4293 1639 4361 et
1667 4281 1835 4363 heredes
1853 4305 1961 4362 eorum

464 4411 511 4492 de
537 4409 689 4514 Leyuda
716 4406 991 4506 Quembarieei,
1019 4433 1133 4510 quam
1167 4403 1358 4509 quendem
1398 4399 1585 4494 tenebant,
1616 4399 1688 4482 sub
1722 4427 1853 4482 annua
1889 4427 1962 4505 peu·

462 4530 569 4613 siene
594 4530 701 4610 XXV
728 4528 792 4610 lib.
821 4527 973 4608 fortium
1001 4524 1188 4607 Seeusiee.

538 4649 682 4731 Testes:
718 4647 903 4730 Rebertus
938 4645 1055 4728 abbas
1089 4644 1209 4754 tiliae¹
1230 4642 1405 4732 Combae,
1440 4639 1691 4722 Nanthelmus
1725 4641 1774 4721 de
1808 4640 1965 4726 Miolano.

464 4769 666 4852 Umbertus
685 4768 732 4848 de
751 4766 931 4870 Sepone,
950 4765 1163 4868 Stephanus
1183 4762 1342 4856 Veeeha,
1361 4760 1562 4842 Villelmns
1581 4759 1683 4841 filius
1702 4767 1800 4863 ejus,
1820 4762 1965 4842 ioannes

462 4891 508 4971 de
535 4891 675 4993 Aspero
702 4889 840 4976 Mente,
869 4885 1072 4965 Villelmus
1098 4885 1227 4982 Vetus,
1257 4885 1388 4962 Petrus
1417 4879 1617 4985 Vulpilius‚
1645 4879 1837 4961 Ainardus
1863 4881 1964 4962 Senu-

464 5009 551 5104 siae,
577 5007 777 5090 Villelmus
804 5005 1077 5087 Benniverdus.

538 5130 673 5210 Aetam
701 5129 799 5233 apud
828 5123 1141 5220 Quemberiaeum
1162 5133 1260 5202 retro
1278 5121 1476 5201 ecelesiam
1496 5121 1534 5200 S.
1557 5117 1746 5201 Jehannis
1776 5115 1965 5224 hospitalis.

537 5251 673 5329 Petrus
700 5248 737 5329 S.
764 5245 897 5327 Palatii
927 5243 1093 5323 notarius
1121 5241 1276 5346 scripsit.

622 5419 663 5499 (n
685 5419 725 5480 Β.
747 5418 825 5481 Tab.
849 5415 1046 5480 Taurinensi.
1068 5414 1216 5476 Preeinee
1238 5415 1276 5476 cte
1297 5412 1422 5487 aenne,
1445 5412 1567 5491 Papae
1588 5414 1625 5483 t,
1649 5411 1841 5491 metten,
1862 5409 1942 5478 nt).
