4096 6190
480 353 552 418 326
885 350 1085 421 undussa
1111 349 1316 420 GOMITUM
1343 351 1590 420 sassauman

475 589 718 686 vicecomitis,
745 590 809 694 qui
837 617 881 672 eo
910 603 1076 694 tempore
1103 588 1387 695 potentissimus
1420 589 1458 670 iu
1495 589 1599 670 ouria
1629 587 1847 683 habebatur,
1876 615 1951 691 prae·
2017 581 2018 590 ‘

474 711 582 815 cipue
614 709 773 791 idoneus
808 709 1018 790 videbatur.
1052 709 1217 814 Ideoque
1249 708 1483 791 Giselmarnn
1518 708 1739 813 capellanus
1780 707 1951 788 monasterii

475 830 651 935 promisit
676 828 877 911 Marchisio
903 842 1077 934 quartam
1106 842 1249 934 partem
1276 829 1510 932 supradictae
1537 828 1718 927 decimae,
1745 828 1776 909 si
1804 841 1953 908 monaste

474 949 574 1030 rium
603 950 808 1051 adjuvaret.
835 948 1073 1040 Marohisius,
1101 947 1208 1030 nulla
1235 948 1283 1030 ab
1309 947 1498 1030 abbatissa
1523 948 1712 1030 Ecclesiae
1748 959 1884 1052 accepta
1908 949 1953 1029 iu-

476 1070 668 1165 vestitura,
708 1079 851 1173 partem
893 1067 1063 1150 decimae
1104 1068 1258 1172 accepit,
1294 1080 1333 1150 et
1370 1095 1454 1150 eam
1495 1068 1534 1150 in
1575 1067 1804 1150 beneficium
1842 1067 1952 1148 cuidau

475 1187 594 1295 equiti
622 1188 778 1270 nomine
805 1187 1005 1270 Scuiorino
1033 1187 1148 1280 dedit,
1167 1201 1205 1268 et
1224 1197 1353 1270 umen
1380 1188 1428 1270 de
1448 1187 1598 1296 negotio
1620 1216 1696 1269 uon
1714 1187 1862 1289 adJnrit.
1878 1187 1953 1281 uvat

475 1308 634 1390 audieus
661 1307 874 1401 cometissa,
901 1307 1025 1389 doluit
1050 1320 1089 1386 et
1114 1307 1232 1410 ipsam
1260 1307 1447 1388 decimam
1481 1307 1691 1389 Marcbioui
1725 1319 1763 1387 et
1798 1305 1956 1388 Senioriuo

476 1426 563 1508 tulit
590 1439 627 1508 et
653 1426 882 1508 monasterio
908 1426 1082 1506 restituit.
1111 1424 1291 1507 Postilla
1325 1438 1495 1532 tempora
1527 1425 1822 1521 monasterium,
1847 1425 1956 1505 virente

475 1559 513 1628 et
540 1547 691 1627 vidente
718 1541 938 1634 Marchisio,
965 1546 1049 1626 siue
1076 1543 1152 1626 litis
1187 1546 1457 1628 contestatione
1484 1545 1649 1650 possedit
1674 1546 1786 1626 Berta
1810 1543 1958 1626 abbatissa

477 1677 567 1744 tunc
594 1675 748 1770 regante
776 1664 1061 1745 monasterium.
1096 1665 1176 1758 Qua
1207 1664 1395 1762 damnata,
1427 1666 1597 1746 Romana
1629 1691 1693 1768 per
1719 1691 1873 1744 manum
1895 1662 1959 1742 Vui-

476 1784 594 1882 telmi,
623 1783 745 1865 fratris
772 1783 983 1878 Marcbisii,
1017 1782 1208 1864 abbatiam
1243 1785 1379 1888 adepta
1405 1787 1532 1888 quiete
1565 1784 1657 1865 dum
1693 1784 1785 1865 vixit
1820 1781 1958 1888 possedit.

474 1905 522 1984 Et
547 1903 777 1984 monasterio
804 1903 877 1982 hoc
904 1903 1017 1982 modo
1044 1903 1273 2007 possidente,
1292 1903 1513 1985 Marcbisius
1541 1917 1579 1984 et
1605 1901 1828 1984 Seuiorinus
1852 1901 1959 2004 absque

475 2021 606 2104 liberis
634 2022 771 2104 mortui
800 2035 900 2102 sunt.
928 2022 1095 2104 Tandem
1124 2034 1397 2126 postmortem
1423 2023 1646 2104 cometissae
1679 2021 1890 2104 Boniiacius
1911 2048 1961 2123 po·

476 2153 648 2225 testatem
678 2143 718 2223 iu
745 2157 843 2223 terra
870 2142 1027 2246 adeptus
1054 2154 1122 2222 est.
1160 2141 1314 2223 Interim
1352 2143 1439 2225 Otto
1474 2143 1587 2224 frater
1619 2142 1813 2224 Marcbisii
1843 2153 1961 2246 pacton
2019 2194 2020 2252 p

474 2290 563 2344 cum
589 2261 784 2344 Bonifacio
812 2260 965 2358 faciens,
992 2260 1220 2366 praedictam
1249 2261 1434 2344 decimam
1471 2262 1578 2366 quasi
1613 2274 1815 2366 paternum
1847 2259 1961 2342 benefi-
2019 2261 2020 2348 l

473 2382 575 2464 cium
614 2381 687 2463 sibi
726 2381 947 2482 subreptum
985 2379 1131 2462 restitui
1168 2379 1377 2483 postulavit,
1409 2381 1472 2484 qui
1508 2387 1785 2485 (Bonifccc'us)
1822 2379 1963 2462 [renibus

473 2501 662 2584 Seniorini
691 2500 901 2582 fraternum
929 2499 1035 2606 quasi
1063 2513 1262 2604 paternum
1290 2499 1520 2582 beneficium
1546 2499 1721 2582 reddidit
1740 2501 1852 2584 Unde
1875 2498 1963 2580 abba·

475 2621 566 2704 tissa
583 2619 823 2702 bonifacium
850 2619 942 2702 adiit
960 2618 1159 2700 clamitans
1186 2619 1458 2701 monasterium
1482 2621 1620 2724 iniuste
1647 2619 1886 2726 expoliatum,
1901 2645 1962 2697 um

470 2747 549 2842 jam
578 2768 646 2846 per
671 2737 825 2846 triginta
850 2765 969 2820 annos
996 2739 1079 2819 sine
1106 2745 1377 2820 contestatione
1409 2738 1643 2842 possedisset.
1670 2737 1898 2830 Bonilacius‚
1919 2762 1963 2815 au·

474 2859 582 2941 diens
609 2859 695 2958 hoc,
722 2857 870 2940 remisit
895 2857 1128 2939 abbatissam
1154 2858 1201 2938 ad
1233 2885 1314 2956 uos,
1343 2858 1528 2939 mandans
1562 2857 1686 2957 uobis,
1714 2869 1760 2938 ut
1786 2858 1962 2962 praelatum

475 2978 674 3060 Oddouem
702 2989 789 3058 ante
817 3005 885 3058 nos
913 2977 959 3057 ad
984 2975 1172 3078 judicium
1200 3001 1430 3057 vocaremus.

632 3131 675 3214 (a
696 3131 768 3193 Bib.
798 3131 893 3193 Taur.
924 3130 1028 3209 Regis.
1058 3129 1167 3192 Edidit
1194 3129 1333 3192 Functus
1359 3130 1479 3194 sivrov
1506 3131 1541 3193 in
1568 3131 1700 3194 Aetna·
1726 3128 1850 3194 oaawcs'
1870 3127 1901 3190 di
1925 3125 1964 3190 lt
2020 3113 2021 3148 ¹

551 3231 623 3290 ra'rto
645 3236 715 3302 cta,
738 3227 853 3290 Torino
876 3229 974 3300 1888,
996 3246 1067 3306 pag.
1092 3228 1160 3288 144.
1184 3226 1386 3302 marchisius,
1409 3223 1568 3290 Brunonis
1588 3227 1654 3290 vioe
1674 3227 1801 3290 comitis
1821 3226 1913 3296 filim,
1928 3241 1964 3284 re

552 3328 641 3388 catus
661 3328 692 3387 at
711 3323 866 3399 marchio,
891 3323 1022 3386 forsitan
1050 3326 1095 3386 ast
1116 3321 1251 3386 Enniana
1276 3321 1325 3387 val
1350 3323 1476 3386 Alrions
1501 3324 1554 3386 ille
1575 3325 1628 3404 qui
1656 3323 1775 3386 dicitur
1800 3315 1965 3385 Marehic'u

550 3419 736 3484 fundatione
757 3419 789 3484 8.
811 3421 931 3483 Marias
951 3419 1157 3500 pinarolansis
1177 3439 1229 3482 an.
1254 3421 1330 3481 1064
1350 3422 1380 3481 at
1405 3417 1439 3482 in
1465 3421 1581 3500 placito
1608 3421 1693 3482 Patri
1713 3417 1731 3481 Ι
1753 3437 1809 3482 an.
1834 3421 1911 3480 1064.
1929 3413 1964 3476 u.

552 3518 630 3580 Dos.
653 3516 748 3590 OLX,
772 3515 854 3580 om.
877 3517 984 3580 ano
1004 3518 1071 3580 vica
1093 3533 1204 3592 eomes,
1225 3518 1291 3595 aius
1311 3518 1541 3598 perceperam
1561 3517 1595 3578 in
1616 3518 1696 3580 actia
1717 3515 1876 3580 adeladis
1895 3511 1966 3576 mni

551 3617 643 3678 tisana
664 3619 865 3679 memoratur.
888 3615 927 3677 V.
951 3615 1029 3676 Doo.
1053 3613 1186 3690 ΟΧΧΙΙ,
1214 3613 1315 3676 ccxl
1336 3617 1423 3694 ete).

854 3909 1050 4027 OMXLVH.
1078 3999 1126 4010 —
1152 3957 1328 4028 Decima
1355 3954 1411 4026 da
1433 3954 1617 4027 Arvina

969 4151 1043 4212 Sine
1062 4167 1146 4212 anno
1165 4156 1195 4212 at
1215 4151 1282 4213 loco
1305 4152 1492 4213 1111-11aa.

549 4333 658 4436 Hugo
678 4329 1042 4434 Gratianopolitanae
1060 4329 1247 4410 Ecclesiae
1265 4330 1459 4434 episcopus
1480 4343 1611 4411 uotum
1632 4331 1718 4412 facit
1737 4333 1845 4436 quod
1859 4327 1968 4414 Guilcl·

474 4476 557 4531 mus
584 4448 631 4530 de
658 4446 838 4552 Favirgiis
864 4447 1050 4553 guerpivit
1075 4447 1293 4538 sibietotam
1321 4448 1512 4530 decimam
1529 4475 1642 4551 quam
1663 4449 1812 4553 ubique
1833 4447 1968 4532 habebat

472 4568 530 4648 vel
556 4567 652 4651 alius
678 4594 745 4672 per
770 4593 871 4662 aum,
890 4579 929 4648 et
953 4570 1150 4670 praecipue
1177 4567 1366 4650 decimam
1393 4593 1508 4670 quam
1535 4565 1703 4650 babebat
1727 4566 1772 4650 in
1800 4565 1968 4672 parrochia

470 4686 604 4769 Acrisii
632 4688 678 4767 de
707 4685 871 4783 Tovelia3
904 4699 942 4767 et
975 4713 1101 4766 comes
1135 4685 1478 4787 Humbertustll),
1507 4713 1528 4765 a
1559 4714 1633 4791 quo
1666 4685 1749 4790 ipse
1780 4687 1968 4770 Guilelmus

469 4805 634 4889 habebat
662 4804 887 4910 praedictam
916 4805 1102 4887 decimam
1131 4808 1177 4886 de
1205 4805 1342 4902 Toelia,
1370 4804 1604 4910 guerpiverat
1629 4831 1713 4886 eam
1744 4806 1824 4888 sibi
1851 4819 1937 4887 aute.

546 4926 708 5032 Signum
728 4924 889 5006 Odolrici
909 4926 1052 5008 decani.
1072 4925 1232 5033 Signum
1253 4923 1432 5007 Guilelmi
1452 4923 1631 5031 magistri
1650 4925 1820 5030 Signum
1845 4919 1968 5008 Oileluu

471 5045 660 5128 monachi.
691 5042 852 5151 Signum
879 5045 1022 5126 Airaldi
1050 5045 1194 5127 decani.

630 5199 818 5284 (Tanrrna,
841 5199 1030 5263 Rectvcrcter
1053 5199 1236 5278 historiques
1262 5217 1319 5262 aar
1347 5199 1374 5261 lc
1395 5199 1536 5263 Ddcacat
1564 5200 1601 5261 dc
1629 5195 1865 5265 ucat-Anava
1886 5199 1968 5262 Pitces

545 5298 776 5459 jnslibcrglivce,
800 5297 878 5360 Doc.
895 5299 944 5372 88,
967 5316 1037 5378 pag.
1054 5299 1104 5372 78,
1127 5297 1197 5360 Vol.
1220 5297 1267 5360 VI
1287 5297 1338 5360 das
1359 5295 1519 5360 Mdmoiras
1538 5297 1576 5359 de
1596 5296 1796 5362 l’lloadamle
1815 5301 1856 5363 de
1871 5295 1967 5364 savoa

552 5397 671 5460 Ohamb
689 5415 735 5478 ry,
761 5397 864 5477 1888).
