4050 6188
440 309 509 374 216
845 312 1043 380 euellere
1070 314 1273 383 COMITUM
1302 316 1546 386 SABAUDIAE

554 760 703 832 Dxcttt,
734 803 768 812 -
796 759 1009 831 madeus
1037 762 1107 834 1v.
1138 763 1383 856 Hergsrita
1411 770 1454 837 et
1481 765 1660 837 Bactrix
1687 767 1779 857 cJ'us
1805 763 1833 835 t.

834 981 924 1053 1239,
946 983 983 1040 13
1004 980 1034 1042 d.
1058 979 1176 1040 Martii.
1199 979 1269 1041 Iud.
1292 999 1356 1041 xri.
1381 980 1556 1044 Avillenaa.

508 1175 698 1256 Amedeus
724 1203 851 1256 eomes
878 1177 1087 1258 Sabaudiae
1114 1177 1208 1258 etin
1229 1178 1332 1259 ltalia
1356 1179 1531 1269 marchio.
1553 1181 1683 1262 volens
1704 1181 1851 1262 liliahns
1867 1183 1926 1262 suis

431 1295 679 1398 Margarithae
707 1297 811 1376 uxori
838 1297 1019 1377 Bonilaoii
1049 1297 1276 1378 marchionis
1306 1299 1569 1380 llontislerrnti
1598 1312 1635 1380 et
1658 1301 1817 1381 Beatrici
1843 1303 1926 1382 mori

432 1413 617 1494 Manfredi
645 1415 698 1494 lll
719 1415 946 1496 marchionis
968 1416 1197 1496 Salutiarum
1218 1431 1489 1520 augumentum
1511 1419 1608 1499 dotis
1627 1420 1760 1516 lacere,
1781 1421 1929 1501 concedit

433 1546 471 1611 et
497 1534 609 1614 tradit
643 1534 841 1639 praedictis
878 1535 1160 1616 marchionibus
1195 1535 1352 1616 cuilibet
1385 1566 1450 1639 pro
1487 1537 1646 1619 dimidio
1687 1567 1751 1642 pro
1792 1539 1928 1620 indiviso

433 1663 549 1732 totam
578 1666 716 1734 terram
743 1681 864 1752 suam,
881 1684 994 1758 quam
1023 1657 1138 1734 hahet
1154 1657 1192 1736 iu
1222 1656 1446 1737 Lombardia
1465 1685 1485 1735 a
1503 1657 1593 1737 Palo
1613 1660 1804 1739 Bonizono
1832 1687 1928 1762 usque

433 1773 478 1852 ad
506 1773 657 1876 Bruges,
686 1775 852 1855 retinens
881 1774 919 1854 in
941 1775 1013 1854 vita
1041 1802 1107 1854 sna
1128 1781 1207 1876 ejus
1228 1775 1517 1855 usumfructum.
1538 1777 1575 1856 Si
1596 1776 1721 1880 aliqua
1739 1805 1783 1856 ex
1804 1778 1930 1857 filiabus
1998 1791 1999 1864 l

434 1891 511 1971 suis
530 1892 726 1972 decederet
744 1894 825 1974 sine
847 1893 946 1986 filiis,
966 1893 1039 1974 alia
1057 1893 1091 1973 ei
1110 1895 1286 1974 succedat
1310 1895 1347 1976 in
1369 1896 1559 1997 praedicto
1582 1912 1814 2003 augumento
1840 1898 1929 1988 dotis,
1998 1865 1999 1956 l

434 2011 493 2090 vel
521 2016 602 2112 ejus
630 2011 714 2092 filii.
1998 2061 1999 2142 p

506 2130 652 2210 Testes:
680 2133 812 2212 Petrus
839 2158 966 2212 comes
1000 2133 1046 2213 de
1073 2133 1110 2213 S.
1140 2132 1316 2236 Gregorio
1336 2139 1384 2236 (t)
1412 2151 1450 2214 et
1476 2143 1557 2236 ejus
1581 2137 1746 2230 fratres,
1772 2137 1930 2217 Albertns

432 2249 559 2329 Guelia
587 2249 633 2329 de
661 2251 845 2344 Gorzano,
871 2251 1036 2332 lacobus
1063 2253 1109 2332 de
1136 2253 1341 2360 Bagnasoo‚
1367 2255 1533 2336 lacobus
1554 2256 1600 2336 de
1628 2257 1831 2362 Geolagno,
1857 2258 1928 2336 Ber·

430 2367 555 2448 toldus
582 2370 629 2449 de
656 2369 895 2476 castiglione,
927 2371 1086 2452 Ubertns
1116 2373 1163 2451 de
1182 2375 1350 2463 Arsta,...
1373 2377 1419 2454 de
1439 2375 1663 2472 Plozolasco,
1689 2376 1816 2466 Wido,
1836 2376 1930 2456 Uber·

431 2499 491 2568 tus
517 2501 556 2568 et
582 2488 803 2570 Fredericus
829 2490 876 2569 de
905 2491 1089 2571 Plezesco.

506 2606 721 2688 Manfredus
750 2608 855 2689 Nicia
881 2610 1050 2690 notarius
1078 2609 1237 2714 scripsit.

591 2778 633 2862 (Ε
655 2778 693 2839 Β.
716 2778 792 2842 rab.
817 2779 1014 2844 Taurinansi.
1039 2781 1164 2856 Dsr'rn,
1187 2783 1293 2845 Stcrt'n
1314 2784 1366 2844 dei
1386 2785 1532 2863 Principe·
1552 2787 1702 2863 d’Acop'm
1726 2786 1816 2848 Tam.
1840 2789 1894 2858 II).

555 3177 698 3244 nxetv.
728 3216 763 3226 -
792 3173 1026 3247 Guilelmus
1052 3173 1102 3245 de
1130 3173 1271 3247 Bardo
1299 3177 1342 3245 et
1369 3171 1563 3247 Rulflnus
1591 3176 1641 3246 de
1669 3174 1828 3247 Arnen.

923 3374 1011 3446 1239,
1036 3372 1123 3432 tta.
1147 3372 1271 3450 Aprilis.
1295 3372 1365 3433 Ind.
1387 3391 1452 3432 xrr.

503 3568 734 3650 Vulliermus
762 3571 806 3650 de
833 3571 954 3650 Bardo
981 3582 1018 3648 et
1048 3599 1160 3673 nepos
1189 3577 1268 3670 ejus
1296 3569 1526 3650 Vuillermus
1549 3571 1692 3650 donant
1719 3571 1870 3650 Rullino
1894 3571 1930 3647 de

430 3688 554 3769 Arnad
586 3702 624 3768 et
651 3688 739 3769 liliis
765 3696 845 3790 ejus
874 3691 1118 3770 medietatem
1145 3688 1256 3769 castri
1275 3691 1322 3769 de
1341 3689 1480 3784 Arnen,
1499 3716 1613 3792 quam
1635 3700 1781 3769 tenete
1808 3689 1931 3770 comite

430 3807 662 3903 Sabaudiae,
690 3808 728 3890 in
754 3823 897 3890 rectum
927 3810 1102 3905 lendum,
1130 3815 1180 3889 ita
1213 3825 1254 3888 ut
1288 3806 1465 3912 praedicti
1494 3808 1632 3888 Rullini
1665 3807 1830 3888 debeant
1863 3835 1930 3887 esse

431 3927 604 4008 homines
637 3930 872 4018 donatorum,
901 3929 1001 4009 salvo
1029 3929 1210 4009 fidelitate
1242 3930 1369 4010 comiti
1401 3927 1622 4017 Sabaudiae,
1651 3941 1688 4006 et
1714 3927 1854 4007 solvere
1880 3955 1931 4006 ser

431 4047 544 4127 lilrras
570 4062 609 4127 et
630 4049 759 4128 decem
780 4049 918 4128 solidos
937 4050 983 4128 de
1011 4062 1110 4129 recto
1138 4049 1283 4152 placito
1310 4060 1347 4127 et
1374 4047 1462 4127 dare
1481 4075 1620 4149 equum
1643 4075 1775 4142 unum,
1794 4047 1930 4150 qnando

430 4168 791 4249 comes‘sahaudioe
810 4168 965 4247 mandat
993 4167 1262 4249 cavalcaturam
1291 4195 1398 4248 suam
1428 4166 1466 4246 in
1486 4179 1594 4257 terra,
1614 4178 1652 4246 et
1670 4167 1735 4247 tali
1761 4166 1861 4271 quali
1887 4179 1931 4244 est

430 4287 604 4395 usagium
632 4288 670 4368 in
700 4303 794 4366 terra
823 4288 951 4368 lacere.

505 4408 696 4488 Amedeus
724 4436 848 4486 comes
876 4407 1087 4488 Sabaudiae
1116 4422 1153 4487 et
1179 4407 1217 4486 in
1247 4407 1353 4487 ltalia
1386 4404 1555 4486 marchio
1583 4403 1765 4500 laudavit,
1791 4421 1829 4486 et
1856 4432 1928 4509 pro-

430 4526 533 4607 misit
559 4528 688 4608 cmnia
717 4527 835 4606 lacere
863 4526 1072 4622 observare,
1101 4525 1371 4630 constituitque
1394 4553 1552 4628 poenam
1574 4525 1823 4606 ducentarum
1843 4552 1930 4604 mar

428 4673 555 4727 carum
587 4648 666 4750 puri
695 4647 836 4751 argenti
867 4658 996 4725 contra
1025 4647 1128 4725 illam
1157 4657 1314 4749 partem,
1334 4672 1429 4748 qnae
1456 4672 1567 4747 supra
1595 4644 1694 4724 diota
1713 4645 1930 4750 infringeret.

504 4768 678 4848 Rullinus
706 4767 810 4846 (ledit
837 4767 1078 4868 fidejussores
1105 4765 1366 4845 Gottol'redum
1404 4763 1526 4844 filium
1555 4764 1784 4844 vicecomitis
1809 4766 1928 4866 Augu-

428 4899 505 4966 stae
534 4900 571 4965 et
598 4890 807 4990 Aymonem
838 4899 875 4965 et
902 4887 1100 4978 Bosonem,
1121 4899 1157 4963 et
1176 4885 1414 4965 Armizonem
1439 4883 1484 4962 de
1502 4882 1677 4976 Vallesia,
1696 4897 1733 4961 et
1758 4883 1929 4964 lecchum

428 5006 553 5086 filium
587 5036 720 5101 suum,
751 5007 813 5108 qui
849 5006 1020 5110 ohligant
1052 5004 1179 5084 omnia
1207 5005 1306 5084 liena
1333 5031 1397 5083 sua
1426 5002 1638 5082 Vulliermo
1666 5003 1712 5082 de
1738 5003 1875 5096 Bardo,
1901 5013 1929 5078 et

427 5127 688 5208 Bcrmundum
724 5125 863 5206 Montis
896 5123 1044 5214 lereti,
1071 5140 1108 5204 et
1144 5123 1357 5227 Philippum
1392 5133 1565 5225 nepotem
1602 5151 1715 5202 suum
1752 5119 1927 5225 usquead

428 5247 886 5447 mlll'llessteeuslllsilnselmus
915 5365 961 5445 ile
989 5364 1164 5458 llliolano‚
1191 5362 1478 5444 Vuillierminus
1507 5363 1553 5442 de
1571 5360 1719 5458 Vittau,
1749 5361 1864 5466 Guigo
1890 5359 1927 5436 de
