4198 6190
413 377 417 384 ·
507 340 550 404 58
907 338 1102 404 uuellest
1133 339 1335 406 soluturi
1364 341 1610 406 stratoria

711 806 837 874 belt.
873 843 916 906 7-
942 802 1143 876 Adelaidi
1173 805 1282 876 com.
1313 807 1463 878 nanzo·
1481 747 1680 878 Albensi·
1708 807 1806 897 epis.

1215 1004 1316 1065 1064?

578 1182 669 1261 Duni
697 1187 737 1260 Α.
774 1182 935 1261 donrnne
972 1183 1247 1284 supervlnrnnae
1275 1185 1398 1264 Benzn
1427 1185 1549 1264 fidelis
1583 1203 1620 1263 et
1654 1187 1901 1288 superfivlelis.
1922 1249 1952 1261 ..
1985 1190 2008 1266 l

503 1300 720 1403 pueritia...
752 1301 803 1381 rni
833 1301 984 1392 (lomna,
1012 1329 1103 1402 opus
1132 1300 1199 1380 bei
1227 1302 1413 1403 opernm,
1442 1303 1600 1392 idcirce,
1630 1303 1775 1384 lavante
1808 1306 1911 1398 lien,
1941 1323 2009 1408 post

502 1448 630 1526 regern
658 1420 785 1500 ltaliae
813 1421 1077 1500 dominaberis.
1097 1479 1128 1491 ..
1159 1423 1352 1500 Secreturn
1384 1449 1511 1501 ineunt
1542 1423 1670 1515 niinbi,
1698 1423 1764 1503 tibi
1795 1439 1832 1502 et
1850 1424 1926 1510 illi;
1947 1454 2008 1504 nun

502 1539 617 1618 addas
644 1550 815 1642 quartam
845 1565 1042 1642 personarn
1071 1538 1238 1618 trinitati.

578 1660 746 1738 Domnaa
774 1657 1011 1763 Adelegirlaa
1042 1665 1148 1758 enjus
1176 1658 1292 1762 prima
1323 1658 1506 1738 medietas
1536 1659 1700 1738 nominis
1728 1675 1785 1740 est
1812 1661 2011 1764 genitivus,

501 1779 577 1858 sire
605 1779 751 1860 dativus
778 1777 948 1858 vocabuli
977 1777 1088 1880 prirni
1118 1778 1294 1856 borninis.
1323 1781 1436 1857 l'rater
1463 1781 1606 1858 llenzo:

943 1950 1091 2029 Nomen
1120 1960 1228 2028 tuum
1258 1977 1396 2028 nornen
1426 1950 1567 2029 bonum

943 2069 1091 2147 Nomen
1120 2081 1226 2146 tunm
1257 2068 1322 2148 llei
1353 2069 1506 2148 rlnnurn.

577 2259 660 2338 Non
688 2285 821 2337 ornnes
848 2255 997 2360 sapiunt
1023 2257 1180 2336 verbum
1210 2257 1322 2352 isturl,
1351 2257 1415 2336 sed
1444 2257 1581 2360 quibus
1610 2259 1739 2338 datum
1768 2273 1836 2336 est.
1855 2317 1891 2334 ..
1924 2261 2009 2354 Quid

503 2392 559 2458 est
591 2377 692 2458 enirn
730 2376 952 2480 Adelegida,
990 2375 1061 2456 nisi
1102 2377 1207 2466 «Da
1242 2375 1316 2481 legi
1350 2377 1452 2456 Adae
1480 2377 1611 2456 tilios?
1638 2411 1654 2449 u
1690 2377 1767 2457 Hos
1795 2391 1852 2456 est
1878 2379 2011 2459 dicere:

506 2531 523 2570 v
550 2495 785 2590 Estedatrix
812 2495 905 2600 legis
931 2509 999 2574 etn.

576 2619 624 2697 L't
651 2613 802 2719 Spiritui
833 2617 982 2708 Sancte,
1011 2615 1076 2718 qui
1104 2627 1138 2694 te
1166 2614 1332 2716 perlegit,
1365 2643 1435 2693 non
1465 2617 1515 2694 sis
1544 2615 1737 2706 centraria,
1766 2627 1801 2694 te
1830 2644 2011 2720 rogauius,

501 2737 586 2817 audi
617 2764 695 2816 nos

578 2858 625 2935 Ut
651 2853 729 2958 regi
757 2853 969 2946 subvenias,
1000 2870 1033 2932 te
1061 2882 1249 2958 rogamus,
1277 2854 1361 2931 avuli
1393 2882 1471 2932 uns.

578 2976 625 3054 Ut
651 2973 796 3052 clericis
823 2988 860 3052 et
887 2973 991 3052 laicis
1019 2973 1230 3057 subvenias,
1259 2986 1295 3050 te
1323 2999 1509 3078 rogamus
1537 2975 1624 3052 nudi
1655 3001 1731 3051 uos.

579 3095 626 3174 Ut
652 3093 829 3173 urnnibus
857 3092 1079 3173 Christianis
1107 3091 1317 3184 subvenias,
1346 3107 1381 3171 te
1410 3121 1597 3198 rogamus,
1626 3093 1711 3172 andi
1742 3122 1821 3173 nos.

578 3215 624 3292 Ut
652 3211 820 3314 pereunti
848 3213 993 3291 mundo
1021 3211 1234 3306 subvenias,
1263 3228 1297 3289 te
1326 3240 1510 3316 regamus,
1536 3212 1625 3291 anili
1656 3239 1735 3290 nos.

575 3335 747 3412 Oramus.
777 3329 972 3412 Farnulani
1004 3346 1105 3409 tuarn
1134 3330 1391 3434 Avlelegirlarn,
1419 3359 1530 3433 quarn
1555 3329 1706 3436 elegisti
1726 3331 1772 3412 ab
1793 3331 1915 3423 initia,
1933 3361 2009 3410 cuu-

500 3481 616 3546 serva,
643 3479 770 3554 quesn,
796 3451 979 3540 Domine,
1006 3450 1044 3529 in
1074 3462 1140 3530 tuo
1167 3451 1335 3542 servitia,
1363 3465 1404 3530 nt
1431 3479 1496 3554 par
1523 3479 1618 3547 earn,
1647 3464 1684 3531 te
1712 3453 1828 3548 (luca,
1847 3453 1926 3532 liar
1953 3481 2011 3556 par

502 3573 539 3651 in
568 3569 735 3652 eeclesiis
762 3572 847 3664 tuis,
877 3571 923 3650 ad
952 3582 1174 3673 perpetuum
1204 3569 1384 3673 gandium
1415 3568 1600 3649 barn'anae
1628 3571 1759 3651 salutis
1786 3598 1856 3674 per
1888 3571 2013 3652 Douri-

503 3719 592 3770 num
623 3679 802 3769 nostium.

577 3810 643 3890 [lin
670 3807 1238 3914 erg0,0ll01nna‚sinutllaria
1268 3809 1313 3887 ad
1342 3809 1545 3914 Angelum:
1572 3811 1666 3889 Ense
1685 3808 1823 3889 aneilla
1852 3809 2010 3890 Dnnrini.

501 3931 568 4009 fiat
593 3927 709 4009 rnichi
737 3929 946 4008 secundnm
975 3928 1132 4006 verbunr
1163 3939 1282 4005 bruru.
1312 3962 1329 3999 u

662 4099 842 4176 (Bauzours
864 4098 1010 4159 Alliensis
1037 4098 1113 4175 epia.
1147 4097 1189 4158 ad
1220 4097 1402 4158 Heiurinum
1432 4099 1491 4158 IV
1519 4100 1604 4176 Imp.
1646 4099 1769 4172 Pavsz,
1804 4101 1850 4161 M.
1888 4101 1927 4162 G.
1961 4099 2010 4164 H..

583 4199 671 4260 Tom.
696 4197 753 4266 XI,
775 4215 844 4276 pag.
868 4198 938 4266 654,
962 4198 1045 4271 655).

618 4607 761 4674 utxru.
794 4646 831 4654 -
865 4601 1043 4673 1mmula
1072 4603 1257 4673 Ekbarto
1286 4603 1521 4675 marchioni
1549 4603 1730 4675 secundo
1758 4611 1902 4691 nupta.

1133 4803 1225 4861 aluno
1250 4846 1388 4862 .....

578 4985 739 5066 lnnnula
766 5013 831 5064 seu
859 4983 1124 5087 lrvnungarrlis,
1152 5011 1256 5063 soror
1284 4983 1476 5064 Avlelnidis
1506 4983 1736 5072 Cernitissae,
1756 4996 2008 5086 postmortem
2062 5055 2063 5060 ,

503 5105 648 5186 ottenis
676 5105 721 5184 de
751 5105 971 5198 Suinvorde,
1011 5131 1096 5181 nuni
1127 5103 1287 5183 llbbertn
1317 5105 1531 5184 llarebione
1559 5105 1706 5183 seniore
1734 5105 1781 5183 de
1801 5102 2008 5183 bruneswic

502 5227 685 5304 secundas
713 5225 860 5326 nuptias
888 5221 1082 5301 contrabit.

660 5395 790 5476 (Annal.
804 5395 908 5467 Saxo„
921 5395 974 5472 qui
985 5411 1106 5455 annum
1117 5413 1179 5454 nnn
1190 5394 1304 5470 signat.
1318 5395 1441 5465 Paurz,
1454 5394 1502 5453 M.
1521 5394 1558 5455 θ.
1571 5394 1607 5454 H
1609 5435 1629 5464 .,
1643 5393 1701 5466 tv,
1713 5395 1841 5474 Script,
1853 5413 1921 5472 pag.
1932 5397 2006 5453 esu
2061 5339 2062 5409 l
