<?xml version="1.0" encoding="UTF-8"?>
<!DOCTYPE html PUBLIC "-//W3C//DTD XHTML 1.0 Transitional//EN"
    "http://www.w3.org/TR/xhtml1/DTD/xhtml1-transitional.dtd">
<html xmlns="http://www.w3.org/1999/xhtml" xml:lang="en" lang="en">
 <head>
  <title>
</title>
<meta http-equiv="Content-Type" content="text/html;charset=utf-8" />
  <meta name='ocr-system' content='tesseract 3.04.00' />
  <meta name='ocr-capabilities' content='ocr_page ocr_carea ocr_par ocr_line ocrx_word'/>
</head>
<body>
  <div class='ocr_page' id='page_1' title='image "./regestacomitums00carugoog_0202.png"; bbox 0 0 4050 6188; ppageno 0'>
   <div class='ocr_carea' id='block_1_1' title="bbox 559 345 1577 415">
    <p class='ocr_par' dir='ltr' id='par_1_1' title="bbox 559 345 1577 415">
     <span class='ocr_line' id='line_1_1' title="bbox 559 345 1577 415; baseline -0.004 -2"><span class='ocrx_word' id='word_1_1' title='bbox 559 347 757 414; x_wconf 80' lang='lat' dir='ltr'>HOMINus</span> <span class='ocrx_word' id='word_1_2' title='bbox 788 349 841 414; x_wconf 80' lang='lat' dir='ltr'>uu</span> <span class='ocrx_word' id='word_1_3' title='bbox 868 347 1073 415; x_wconf 78' lang='lat' dir='ltr'><strong>ARNALDO</strong></span> <span class='ocrx_word' id='word_1_4' title='bbox 1508 345 1577 410; x_wconf 82' lang='lat'>185</span> 
     </span>
    </p>
   </div>
   <div class='ocr_carea' id='block_1_2' title="bbox 68 693 1579 784">
    <p class='ocr_par' dir='ltr' id='par_1_2' title="bbox 68 693 1579 784">
     <span class='ocr_line' id='line_1_2' title="bbox 68 693 1579 784; baseline -0.003 -14"><span class='ocrx_word' id='word_1_5' title='bbox 68 702 135 771; x_wconf 87' lang='lat' dir='ltr'>DII.</span> <span class='ocrx_word' id='word_1_6' title='bbox 165 739 202 750; x_wconf 83' lang='lat'><em>-</em></span> <span class='ocrx_word' id='word_1_7' title='bbox 229 698 429 772; x_wconf 71' lang='lat' dir='ltr'>nomicos</span> <span class='ocrx_word' id='word_1_8' title='bbox 456 697 507 771; x_wconf 78' lang='lat' dir='ltr'>tle</span> <span class='ocrx_word' id='word_1_9' title='bbox 536 698 669 772; x_wconf 71' lang='lat' dir='ltr'>cruce</span> <span class='ocrx_word' id='word_1_10' title='bbox 696 700 876 784; x_wconf 76' lang='lat' dir='ltr'>Ferrea,</span> <span class='ocrx_word' id='word_1_11' title='bbox 902 696 1149 782; x_wconf 69' lang='lat' dir='ltr'>uilissima,</span> <span class='ocrx_word' id='word_1_12' title='bbox 1178 693 1461 770; x_wconf 71' lang='lat' dir='ltr'>carcharibua</span> <span class='ocrx_word' id='word_1_13' title='bbox 1498 699 1579 767; x_wconf 78' lang='lat' dir='ltr'><strong>oto.</strong></span> 
     </span>
    </p>
   </div>
   <div class='ocr_carea' id='block_1_3' title="bbox 533 897 1106 975">
    <p class='ocr_par' dir='ltr' id='par_1_3' title="bbox 533 897 1106 975">
     <span class='ocr_line' id='line_1_3' title="bbox 533 897 1106 975; baseline -0.005 -14"><span class='ocrx_word' id='word_1_14' title='bbox 533 900 624 975; x_wconf 81' lang='grc'><strong>1227,</strong></span> <span class='ocrx_word' id='word_1_15' title='bbox 647 903 665 960; x_wconf 80' lang='grc' dir='ltr'>ὅ</span> <span class='ocrx_word' id='word_1_16' title='bbox 686 898 776 962; x_wconf 86' lang='lat' dir='ltr'>Maii.</span> <span class='ocrx_word' id='word_1_17' title='bbox 798 898 870 961; x_wconf 83' lang='lat' dir='ltr'>Iud.</span> <span class='ocrx_word' id='word_1_18' title='bbox 893 917 952 959; x_wconf 84' lang='lat' dir='ltr'>xv.</span> <span class='ocrx_word' id='word_1_19' title='bbox 975 897 1106 962; x_wconf 79' lang='lat' dir='ltr'>Saonaa.</span> 
     </span>
    </p>
   </div>
   <div class='ocr_carea' id='block_1_4' title="bbox 66 1077 1580 1307">
    <p class='ocr_par' dir='ltr' id='par_1_4' title="bbox 66 1077 1580 1307">
     <span class='ocr_line' id='line_1_4' title="bbox 135 1077 1580 1172; baseline -0.001 -10"><span class='ocrx_word' id='word_1_20' title='bbox 135 1081 325 1162; x_wconf 87' lang='lat' dir='ltr'>Amedeus</span> <span class='ocrx_word' id='word_1_21' title='bbox 353 1079 455 1160; x_wconf 88' lang='lat' dir='ltr'>filius</span> <span class='ocrx_word' id='word_1_22' title='bbox 481 1093 519 1160; x_wconf 86' lang='lat' dir='ltr'>et</span> <span class='ocrx_word' id='word_1_23' title='bbox 546 1079 719 1161; x_wconf 89' lang='lat' dir='ltr'>Vicarius</span> <span class='ocrx_word' id='word_1_24' title='bbox 753 1077 897 1159; x_wconf 89' lang='lat' dir='ltr'>domini</span> <span class='ocrx_word' id='word_1_25' title='bbox 939 1078 1131 1158; x_wconf 89' lang='lat' dir='ltr'>Thomasii</span> <span class='ocrx_word' id='word_1_26' title='bbox 1171 1077 1321 1160; x_wconf 78' lang='lat' dir='ltr'>comitis</span> <span class='ocrx_word' id='word_1_27' title='bbox 1358 1079 1580 1172; x_wconf 85' lang='lat' dir='ltr'>Sabaudiaa,</span> 
     </span>
     <span class='ocr_line' id='line_1_5' title="bbox 66 1197 1576 1307; baseline 0.002 -29"><span class='ocrx_word' id='word_1_28' title='bbox 66 1199 187 1281; x_wconf 89' lang='lat' dir='ltr'>vicarii</span> <span class='ocrx_word' id='word_1_29' title='bbox 215 1213 253 1278; x_wconf 87' lang='lat' dir='ltr'>et</span> <span class='ocrx_word' id='word_1_30' title='bbox 279 1199 393 1307; x_wconf 83' lang='lat' dir='ltr'>legati</span> <span class='ocrx_word' id='word_1_31' title='bbox 421 1199 567 1280; x_wconf 89' lang='lat' dir='ltr'>domini</span> <span class='ocrx_word' id='word_1_32' title='bbox 602 1197 784 1280; x_wconf 89' lang='lat' dir='ltr'>Friderici</span> <span class='ocrx_word' id='word_1_33' title='bbox 814 1198 1070 1279; x_wconf 86' lang='lat' dir='ltr'>Rornanorum</span> <span class='ocrx_word' id='word_1_34' title='bbox 1099 1198 1334 1301; x_wconf 82' lang='lat' dir='ltr'>imperatoris</span> <span class='ocrx_word' id='word_1_35' title='bbox 1361 1225 1426 1302; x_wconf 89' lang='lat' dir='ltr'>per</span> <span class='ocrx_word' id='word_1_36' title='bbox 1459 1209 1576 1281; x_wconf 74' lang='lat' dir='ltr'>actam</span> 
     </span>
    </p>
   </div>
   <div class='ocr_carea' id='block_1_5' title="bbox 62 1317 1583 2379">
    <p class='ocr_par' dir='ltr' id='par_1_5' title="bbox 64 1317 1582 1904">
     <span class='ocr_line' id='line_1_6' title="bbox 65 1317 1581 1423; baseline -0.002 -22"><span class='ocrx_word' id='word_1_37' title='bbox 65 1320 206 1401; x_wconf 80' lang='lat' dir='ltr'>Italiam</span> <span class='ocrx_word' id='word_1_38' title='bbox 234 1333 272 1400; x_wconf 78' lang='lat' dir='ltr'>et</span> <span class='ocrx_word' id='word_1_39' title='bbox 298 1347 363 1423; x_wconf 90' lang='lat' dir='ltr'>per</span> <span class='ocrx_word' id='word_1_40' title='bbox 389 1320 581 1400; x_wconf 89' lang='lat' dir='ltr'>Marcham</span> <span class='ocrx_word' id='word_1_41' title='bbox 610 1319 657 1399; x_wconf 87' lang='lat' dir='ltr'>de</span> <span class='ocrx_word' id='word_1_42' title='bbox 685 1317 878 1423; x_wconf 77' lang='lat' dir='ltr'>Tregusio‚</span> <span class='ocrx_word' id='word_1_43' title='bbox 906 1329 944 1396; x_wconf 84' lang='lat' dir='ltr'>ct</span> <span class='ocrx_word' id='word_1_44' title='bbox 969 1317 1181 1420; x_wconf 77' lang='lat' dir='ltr'>specialiter</span> <span class='ocrx_word' id='word_1_45' title='bbox 1207 1317 1352 1398; x_wconf 86' lang='lat' dir='ltr'>Sacnae</span> <span class='ocrx_word' id='word_1_46' title='bbox 1381 1334 1418 1398; x_wconf 85' lang='lat' dir='ltr'>et</span> <span class='ocrx_word' id='word_1_47' title='bbox 1445 1318 1581 1400; x_wconf 87' lang='lat' dir='ltr'>Albin-</span> 
     </span>
     <span class='ocr_line' id='line_1_7' title="bbox 64 1437 1580 1544; baseline -0.001 -24"><span class='ocrx_word' id='word_1_48' title='bbox 64 1467 195 1544; x_wconf 82' lang='lat' dir='ltr'>ganae‚</span> <span class='ocrx_word' id='word_1_49' title='bbox 234 1437 454 1520; x_wconf 89' lang='lat' dir='ltr'>homiuibus</span> <span class='ocrx_word' id='word_1_50' title='bbox 496 1439 542 1518; x_wconf 89' lang='lat' dir='ltr'>de</span> <span class='ocrx_word' id='word_1_51' title='bbox 582 1439 699 1519; x_wconf 85' lang='lat' dir='ltr'>Cruce</span> <span class='ocrx_word' id='word_1_52' title='bbox 740 1439 900 1530; x_wconf 83' lang='lat' dir='ltr'>Ferrea,</span> <span class='ocrx_word' id='word_1_53' title='bbox 936 1438 981 1518; x_wconf 92' lang='lat' dir='ltr'>de</span> <span class='ocrx_word' id='word_1_54' title='bbox 1022 1437 1229 1518; x_wconf 85' lang='lat' dir='ltr'>Milleximo</span> <span class='ocrx_word' id='word_1_55' title='bbox 1269 1450 1306 1517; x_wconf 80' lang='lat' dir='ltr'>ct</span> <span class='ocrx_word' id='word_1_56' title='bbox 1345 1439 1387 1518; x_wconf 90' lang='lat' dir='ltr'>D.</span> <span class='ocrx_word' id='word_1_57' title='bbox 1429 1437 1580 1519; x_wconf 85' lang='lat' dir='ltr'>Haurici</span> 
     </span>
     <span class='ocr_line' id='line_1_8' title="bbox 66 1557 1581 1639; baseline -0.001 -1"><span class='ocrx_word' id='word_1_58' title='bbox 66 1557 288 1639; x_wconf 88' lang='lat' dir='ltr'>marchionis</span> <span class='ocrx_word' id='word_1_59' title='bbox 316 1559 461 1639; x_wconf 89' lang='lat' dir='ltr'>Saonae</span> <span class='ocrx_word' id='word_1_60' title='bbox 488 1559 535 1638; x_wconf 89' lang='lat' dir='ltr'>de</span> <span class='ocrx_word' id='word_1_61' title='bbox 562 1557 811 1639; x_wconf 88' lang='lat' dir='ltr'>Carchcribus</span> <span class='ocrx_word' id='word_1_62' title='bbox 837 1571 876 1637; x_wconf 81' lang='lat' dir='ltr'>et</span> <span class='ocrx_word' id='word_1_63' title='bbox 902 1557 1016 1638; x_wconf 91' lang='lat' dir='ltr'>Bozili</span> <span class='ocrx_word' id='word_1_64' title='bbox 1041 1569 1079 1636; x_wconf 80' lang='lat' dir='ltr'>et</span> <span class='ocrx_word' id='word_1_65' title='bbox 1105 1557 1241 1638; x_wconf 87' lang='lat' dir='ltr'>Altaris</span> <span class='ocrx_word' id='word_1_66' title='bbox 1269 1557 1442 1638; x_wconf 81' lang='lat' dir='ltr'>concedit</span> <span class='ocrx_word' id='word_1_67' title='bbox 1468 1557 1581 1638; x_wconf 87' lang='lat' dir='ltr'>liber·</span> 
     </span>
     <span class='ocr_line' id='line_1_9' title="bbox 64 1676 1582 1781; baseline 0.001 -25"><span class='ocrx_word' id='word_1_68' title='bbox 64 1689 176 1758; x_wconf 80' lang='lat' dir='ltr'>tatem</span> <span class='ocrx_word' id='word_1_69' title='bbox 204 1690 242 1757; x_wconf 79' lang='lat' dir='ltr'>et</span> <span class='ocrx_word' id='word_1_70' title='bbox 268 1677 599 1758; x_wconf 81' lang='lat' dir='ltr'>franchitationem</span> <span class='ocrx_word' id='word_1_71' title='bbox 626 1677 664 1757; x_wconf 90' lang='lat' dir='ltr'>iu</span> <span class='ocrx_word' id='word_1_72' title='bbox 708 1677 831 1757; x_wconf 84' lang='lat' dir='ltr'>Saone</span> <span class='ocrx_word' id='word_1_73' title='bbox 861 1690 899 1756; x_wconf 79' lang='lat' dir='ltr'>ct</span> <span class='ocrx_word' id='word_1_74' title='bbox 924 1703 1056 1781; x_wconf 87' lang='lat' dir='ltr'>posse,</span> <span class='ocrx_word' id='word_1_75' title='bbox 1093 1689 1285 1779; x_wconf 81' lang='lat' dir='ltr'>tamquam</span> <span class='ocrx_word' id='word_1_76' title='bbox 1325 1676 1460 1781; x_wconf 87' lang='lat' dir='ltr'>aliquis</span> <span class='ocrx_word' id='word_1_77' title='bbox 1492 1676 1582 1758; x_wconf 89' lang='lat' dir='ltr'>civis</span> 
     </span>
     <span class='ocr_line' id='line_1_10' title="bbox 64 1796 467 1904; baseline -0.007 -25"><span class='ocrx_word' id='word_1_78' title='bbox 64 1801 205 1879; x_wconf 88' lang='lat' dir='ltr'>Saouae</span> <span class='ocrx_word' id='word_1_79' title='bbox 233 1796 403 1877; x_wconf 77' lang='lat' dir='ltr'>civitatis.</span> <span class='ocrx_word' id='word_1_80' title='bbox 464 1897 467 1904; x_wconf 20' lang='lat'><strong>⁴</strong></span> 
     </span>
    </p>

    <p class='ocr_par' dir='ltr' id='par_1_6' title="bbox 62 1915 1583 2239">
     <span class='ocr_line' id='line_1_11' title="bbox 135 1915 1582 2023; baseline -0.001 -25"><span class='ocrx_word' id='word_1_81' title='bbox 135 1919 282 1998; x_wconf 79' lang='lat' dir='ltr'>Testes:</span> <span class='ocrx_word' id='word_1_82' title='bbox 309 1916 351 1996; x_wconf 90' lang='lat' dir='ltr'>D.</span> <span class='ocrx_word' id='word_1_83' title='bbox 380 1917 612 2021; x_wconf 66' lang='lat' dir='ltr'>Gratapalea</span> <span class='ocrx_word' id='word_1_84' title='bbox 638 1917 795 2023; x_wconf 83' lang='lat' dir='ltr'>Ogerius</span> <span class='ocrx_word' id='word_1_85' title='bbox 836 1917 882 1996; x_wconf 92' lang='lat' dir='ltr'>de</span> <span class='ocrx_word' id='word_1_86' title='bbox 922 1916 1162 1996; x_wconf 89' lang='lat' dir='ltr'>Mercenasco</span> <span class='ocrx_word' id='word_1_87' title='bbox 1197 1916 1327 2018; x_wconf 86' lang='lat' dir='ltr'>judex,</span> <span class='ocrx_word' id='word_1_88' title='bbox 1359 1915 1582 2022; x_wconf 84' lang='lat' dir='ltr'>Peregrinus</span> 
     </span>
     <span class='ocr_line' id='line_1_12' title="bbox 62 2034 1583 2138; baseline -0.001 -20"><span class='ocrx_word' id='word_1_89' title='bbox 62 2038 268 2131; x_wconf 85' lang='lat' dir='ltr'>Scurzutus,</span> <span class='ocrx_word' id='word_1_90' title='bbox 294 2039 435 2119; x_wconf 88' lang='lat' dir='ltr'>Grecus</span> <span class='ocrx_word' id='word_1_91' title='bbox 463 2037 510 2118; x_wconf 88' lang='lat' dir='ltr'>de</span> <span class='ocrx_word' id='word_1_92' title='bbox 537 2034 674 2126; x_wconf 86' lang='lat' dir='ltr'>Grecis,</span> <span class='ocrx_word' id='word_1_93' title='bbox 702 2035 893 2117; x_wconf 86' lang='lat' dir='ltr'>Hubertus</span> <span class='ocrx_word' id='word_1_94' title='bbox 933 2037 980 2116; x_wconf 89' lang='lat' dir='ltr'>de</span> <span class='ocrx_word' id='word_1_95' title='bbox 1007 2034 1155 2116; x_wconf 85' lang='lat' dir='ltr'>Saxello</span> <span class='ocrx_word' id='word_1_96' title='bbox 1182 2047 1220 2115; x_wconf 85' lang='lat' dir='ltr'>et</span> <span class='ocrx_word' id='word_1_97' title='bbox 1254 2034 1496 2138; x_wconf 82' lang='lat' dir='ltr'>Maynfredus</span> <span class='ocrx_word' id='word_1_98' title='bbox 1536 2035 1583 2116; x_wconf 91' lang='lat' dir='ltr'>de</span> 
     </span>
     <span class='ocr_line' id='line_1_13' title="bbox 64 2157 271 2239; baseline -0.014 -4"><span class='ocrx_word' id='word_1_99' title='bbox 64 2157 271 2239; x_wconf 87' lang='lat' dir='ltr'>Gratascca.</span> 
     </span>
    </p>

    <p class='ocr_par' dir='ltr' id='par_1_7' title="bbox 133 2274 742 2379">
     <span class='ocr_line' id='line_1_14' title="bbox 133 2274 742 2379; baseline -0.01 -23"><span class='ocrx_word' id='word_1_100' title='bbox 133 2277 362 2358; x_wconf 85' lang='lat' dir='ltr'>Ambroxius</span> <span class='ocrx_word' id='word_1_101' title='bbox 390 2275 557 2356; x_wconf 84' lang='lat' dir='ltr'>notarius</span> <span class='ocrx_word' id='word_1_102' title='bbox 584 2274 742 2379; x_wconf 83' lang='lat' dir='ltr'>scripsit.</span> 
     </span>
    </p>
   </div>
   <div class='ocr_carea' id='block_1_6' title="bbox 139 2427 1580 2608">
    <p class='ocr_par' dir='ltr' id='par_1_8' title="bbox 139 2427 1580 2608">
     <span class='ocr_line' id='line_1_15' title="bbox 219 2427 1580 2510; baseline -0.001 -19"><span class='ocrx_word' id='word_1_103' title='bbox 219 2429 322 2510; x_wconf 83' lang='lat' dir='ltr'><strong>(ER.</strong></span> <span class='ocrx_word' id='word_1_104' title='bbox 345 2430 423 2493; x_wconf 76' lang='lat' dir='ltr'>Tab.</span> <span class='ocrx_word' id='word_1_105' title='bbox 447 2429 646 2500; x_wconf 62' lang='lat' dir='ltr'>Tauricana,</span> <span class='ocrx_word' id='word_1_106' title='bbox 670 2428 758 2490; x_wconf 76' lang='lat' dir='ltr'>(Iam.</span> <span class='ocrx_word' id='word_1_107' title='bbox 783 2427 894 2509; x_wconf 83' lang='lat' dir='ltr'><strong>Oomp.</strong></span> <span class='ocrx_word' id='word_1_108' title='bbox 929 2429 1064 2491; x_wconf 79' lang='lat' dir='ltr'>I&#39;itclr&#39;e</span> <span class='ocrx_word' id='word_1_109' title='bbox 1090 2430 1237 2492; x_wconf 56' lang='lat' dir='ltr'>suadere</span> <span class='ocrx_word' id='word_1_110' title='bbox 1258 2445 1319 2507; x_wconf 73' lang='lat' dir='ltr'>par</span> <span class='ocrx_word' id='word_1_111' title='bbox 1343 2429 1456 2510; x_wconf 78' lang='lat' dir='ltr'>scudr‘,</span> <span class='ocrx_word' id='word_1_112' title='bbox 1488 2427 1580 2492; x_wconf 78' lang='lat' dir='ltr'>Facu.</span> 
     </span>
     <span class='ocr_line' id='line_1_16' title="bbox 139 2528 268 2608; baseline 0 -18"><span class='ocrx_word' id='word_1_113' title='bbox 139 2528 183 2590; x_wconf 90' lang='lat' dir='ltr'>P.</span> <span class='ocrx_word' id='word_1_114' title='bbox 205 2528 268 2608; x_wconf 78' lang='lat' dir='ltr'>M).</span> 
     </span>
    </p>
   </div>
   <div class='ocr_carea' id='block_1_7' title="bbox 479 2753 1171 2828">
    <p class='ocr_par' dir='ltr' id='par_1_9' title="bbox 479 2753 1171 2828">
     <span class='ocr_line' id='line_1_17' title="bbox 479 2753 1171 2828; baseline -0.006 0"><span class='ocrx_word' id='word_1_115' title='bbox 479 2759 572 2828; x_wconf 87' lang='lat' dir='ltr'>DIII.</span> <span class='ocrx_word' id='word_1_116' title='bbox 603 2797 638 2810; x_wconf 88' lang='lat'>-</span> <span class='ocrx_word' id='word_1_117' title='bbox 667 2755 855 2828; x_wconf 68' lang='lat' dir='ltr'>Iacobus</span> <span class='ocrx_word' id='word_1_118' title='bbox 881 2753 932 2827; x_wconf 80' lang='lat' dir='ltr'>de</span> <span class='ocrx_word' id='word_1_119' title='bbox 961 2755 1171 2828; x_wconf 76' lang='lat' dir='ltr'>cumana.</span> 
     </span>
    </p>
   </div>
   <div class='ocr_carea' id='block_1_8' title="bbox 702 2950 945 3028">
    <p class='ocr_par' dir='ltr' id='par_1_10' title="bbox 702 2950 945 3028">
     <span class='ocr_line' id='line_1_18' title="bbox 702 2950 945 3028; baseline -0.008 -14"><span class='ocrx_word' id='word_1_120' title='bbox 702 2952 792 3028; x_wconf 84' lang='grc'><strong>1227,</strong></span> <span class='ocrx_word' id='word_1_121' title='bbox 815 2952 834 3012; x_wconf 87' lang='grc'><strong>2</strong></span> <span class='ocrx_word' id='word_1_122' title='bbox 855 2950 945 3016; x_wconf 86' lang='lat' dir='ltr'>Maii.</span> 
     </span>
    </p>
   </div>
   <div class='ocr_carea' id='block_1_9' title="bbox 55 3129 1585 4078">
    <p class='ocr_par' dir='ltr' id='par_1_11' title="bbox 55 3129 1585 4078">
     <span class='ocr_line' id='line_1_19' title="bbox 133 3129 1582 3220; baseline -0.002 -2"><span class='ocrx_word' id='word_1_123' title='bbox 133 3137 364 3220; x_wconf 89' lang='lat' dir='ltr'>Guillelmus</span> <span class='ocrx_word' id='word_1_124' title='bbox 392 3165 519 3218; x_wconf 89' lang='lat' dir='ltr'>comas</span> <span class='ocrx_word' id='word_1_125' title='bbox 547 3129 809 3220; x_wconf 81' lang='lat' dir='ltr'>Gabennensis</span> <span class='ocrx_word' id='word_1_126' title='bbox 837 3137 902 3217; x_wconf 86' lang='lat' dir='ltr'>dat</span> <span class='ocrx_word' id='word_1_127' title='bbox 928 3137 1125 3218; x_wconf 86' lang='lat' dir='ltr'>Matildam</span> <span class='ocrx_word' id='word_1_128' title='bbox 1153 3138 1199 3218; x_wconf 90' lang='lat' dir='ltr'>de</span> <span class='ocrx_word' id='word_1_129' title='bbox 1227 3135 1336 3218; x_wconf 89' lang='lat' dir='ltr'>Lulio</span> <span class='ocrx_word' id='word_1_130' title='bbox 1359 3137 1397 3217; x_wconf 89' lang='lat' dir='ltr'>iu</span> <span class='ocrx_word' id='word_1_131' title='bbox 1427 3163 1582 3216; x_wconf 83' lang='lat' dir='ltr'>uxorem</span> 
     </span>
     <span class='ocr_line' id='line_1_20' title="bbox 59 3255 1584 3361; baseline 0 -26"><span class='ocrx_word' id='word_1_132' title='bbox 59 3258 203 3339; x_wconf 79' lang='lat' dir='ltr'>Iacobo</span> <span class='ocrx_word' id='word_1_133' title='bbox 230 3259 276 3338; x_wconf 90' lang='lat' dir='ltr'>de</span> <span class='ocrx_word' id='word_1_134' title='bbox 304 3261 488 3354; x_wconf 87' lang='lat' dir='ltr'>Curnaua,</span> <span class='ocrx_word' id='word_1_135' title='bbox 518 3257 582 3361; x_wconf 92' lang='lat' dir='ltr'>qui</span> <span class='ocrx_word' id='word_1_136' title='bbox 610 3256 835 3338; x_wconf 79' lang='lat' dir='ltr'>fidelitatem</span> <span class='ocrx_word' id='word_1_137' title='bbox 864 3257 952 3337; x_wconf 82' lang='lat' dir='ltr'>fecit</span> <span class='ocrx_word' id='word_1_138' title='bbox 978 3257 1106 3338; x_wconf 79' lang='lat' dir='ltr'>comiti</span> <span class='ocrx_word' id='word_1_139' title='bbox 1135 3256 1391 3352; x_wconf 67' lang='lat' dir='ltr'>cabannensi,</span> <span class='ocrx_word' id='word_1_140' title='bbox 1409 3255 1511 3338; x_wconf 89' lang='lat' dir='ltr'>salva</span> <span class='ocrx_word' id='word_1_141' title='bbox 1537 3255 1584 3335; x_wconf 87' lang='lat' dir='ltr'>fr·</span> 
     </span>
     <span class='ocr_line' id='line_1_21' title="bbox 59 3376 1585 3480; baseline -0.002 -23"><span class='ocrx_word' id='word_1_142' title='bbox 59 3378 214 3459; x_wconf 81' lang='lat' dir='ltr'>delitare</span> <span class='ocrx_word' id='word_1_143' title='bbox 242 3378 409 3459; x_wconf 87' lang='lat' dir='ltr'>Thornae</span> <span class='ocrx_word' id='word_1_144' title='bbox 450 3377 577 3458; x_wconf 84' lang='lat' dir='ltr'>comiti</span> <span class='ocrx_word' id='word_1_145' title='bbox 615 3377 826 3458; x_wconf 73' lang='lat' dir='ltr'>sabaudiae</span> <span class='ocrx_word' id='word_1_146' title='bbox 863 3376 1002 3457; x_wconf 81' lang='lat' dir='ltr'>debita.</span> <span class='ocrx_word' id='word_1_147' title='bbox 1041 3377 1206 3457; x_wconf 78' lang='lat' dir='ltr'>Iacobus</span> <span class='ocrx_word' id='word_1_148' title='bbox 1247 3376 1310 3456; x_wconf 82' lang='lat' dir='ltr'>dat</span> <span class='ocrx_word' id='word_1_149' title='bbox 1341 3377 1585 3480; x_wconf 87' lang='lat' dir='ltr'>fidejussores</span> 
     </span>
     <span class='ocr_line' id='line_1_22' title="bbox 60 3494 1582 3600; baseline 0 -26"><span class='ocrx_word' id='word_1_150' title='bbox 60 3497 248 3578; x_wconf 87' lang='lat' dir='ltr'>Thomam</span> <span class='ocrx_word' id='word_1_151' title='bbox 276 3497 453 3578; x_wconf 86' lang='lat' dir='ltr'>comitem</span> <span class='ocrx_word' id='word_1_152' title='bbox 484 3496 718 3600; x_wconf 83' lang='lat' dir='ltr'>praedictum</span> <span class='ocrx_word' id='word_1_153' title='bbox 753 3509 791 3576; x_wconf 82' lang='lat' dir='ltr'>et</span> <span class='ocrx_word' id='word_1_154' title='bbox 827 3523 982 3576; x_wconf 81' lang='lat' dir='ltr'>uxorem</span> <span class='ocrx_word' id='word_1_155' title='bbox 1010 3503 1113 3597; x_wconf 87' lang='lat' dir='ltr'>ejus,</span> <span class='ocrx_word' id='word_1_156' title='bbox 1140 3495 1385 3577; x_wconf 88' lang='lat' dir='ltr'>Willelmum</span> <span class='ocrx_word' id='word_1_157' title='bbox 1421 3494 1582 3576; x_wconf 84' lang='lat' dir='ltr'>eiectum</span> 
     </span>
     <span class='ocr_line' id='line_1_23' title="bbox 58 3614 1584 3722; baseline 0.002 -30"><span class='ocrx_word' id='word_1_158' title='bbox 58 3615 267 3713; x_wconf 82' lang='lat' dir='ltr'>Valentiae‚</span> <span class='ocrx_word' id='word_1_159' title='bbox 294 3619 450 3698; x_wconf 86' lang='lat' dir='ltr'>Petrum</span> <span class='ocrx_word' id='word_1_160' title='bbox 479 3617 730 3720; x_wconf 83' lang='lat' dir='ltr'>praepositum</span> <span class='ocrx_word' id='word_1_161' title='bbox 770 3619 973 3722; x_wconf 74' lang='lat' dir='ltr'>Augustae,</span> <span class='ocrx_word' id='word_1_162' title='bbox 1015 3615 1198 3696; x_wconf 89' lang='lat' dir='ltr'>Thornam</span> <span class='ocrx_word' id='word_1_163' title='bbox 1227 3614 1478 3719; x_wconf 70' lang='lat' dir='ltr'>praepositum</span> <span class='ocrx_word' id='word_1_164' title='bbox 1511 3615 1584 3695; x_wconf 88' lang='lat' dir='ltr'>Va·</span> 
     </span>
     <span class='ocr_line' id='line_1_24' title="bbox 57 3731 1584 3832; baseline 0.003 -22"><span class='ocrx_word' id='word_1_165' title='bbox 57 3731 209 3828; x_wconf 81' lang='lat' dir='ltr'>lectiae,</span> <span class='ocrx_word' id='word_1_166' title='bbox 236 3751 273 3817; x_wconf 79' lang='lat' dir='ltr'>et</span> <span class='ocrx_word' id='word_1_167' title='bbox 299 3735 549 3832; x_wconf 86' lang='lat' dir='ltr'>Bonifaciurn‚</span> <span class='ocrx_word' id='word_1_168' title='bbox 579 3737 676 3816; x_wconf 86' lang='lat' dir='ltr'>filios</span> <span class='ocrx_word' id='word_1_169' title='bbox 704 3737 866 3832; x_wconf 71' lang='lat' dir='ltr'>comitis</span> <span class='ocrx_word' id='word_1_170' title='bbox 893 3751 931 3816; x_wconf 81' lang='lat' dir='ltr'>et</span> <span class='ocrx_word' id='word_1_171' title='bbox 958 3735 1160 3816; x_wconf 84' lang='lat' dir='ltr'>Rodclfuru</span> <span class='ocrx_word' id='word_1_172' title='bbox 1189 3736 1236 3816; x_wconf 89' lang='lat' dir='ltr'>de</span> <span class='ocrx_word' id='word_1_173' title='bbox 1258 3735 1461 3832; x_wconf 87' lang='lat' dir='ltr'>Greisiacc,</span> <span class='ocrx_word' id='word_1_174' title='bbox 1483 3733 1584 3815; x_wconf 92' lang='lat' dir='ltr'>Wil-</span> 
     </span>
     <span class='ocr_line' id='line_1_25' title="bbox 57 3850 1585 3960; baseline 0.005 -31"><span class='ocrx_word' id='word_1_175' title='bbox 57 3850 217 3936; x_wconf 87' lang='lat' dir='ltr'>lelrnum</span> <span class='ocrx_word' id='word_1_176' title='bbox 247 3859 294 3937; x_wconf 90' lang='lat' dir='ltr'>de</span> <span class='ocrx_word' id='word_1_177' title='bbox 314 3858 457 3960; x_wconf 84' lang='lat' dir='ltr'>Cuyn0‚</span> <span class='ocrx_word' id='word_1_178' title='bbox 486 3855 681 3936; x_wconf 82' lang='lat' dir='ltr'>Aiherturu</span> <span class='ocrx_word' id='word_1_179' title='bbox 711 3855 757 3935; x_wconf 91' lang='lat' dir='ltr'>de</span> <span class='ocrx_word' id='word_1_180' title='bbox 786 3857 975 3960; x_wconf 84' lang='lat' dir='ltr'>Compeyo</span> <span class='ocrx_word' id='word_1_181' title='bbox 1003 3868 1040 3933; x_wconf 84' lang='lat' dir='ltr'>et</span> <span class='ocrx_word' id='word_1_182' title='bbox 1068 3853 1172 3935; x_wconf 87' lang='lat' dir='ltr'>alios.</span> <span class='ocrx_word' id='word_1_183' title='bbox 1193 3853 1421 3935; x_wconf 85' lang='lat' dir='ltr'>Guillelrnus</span> <span class='ocrx_word' id='word_1_184' title='bbox 1450 3853 1515 3934; x_wconf 84' lang='lat' dir='ltr'>dat</span> <span class='ocrx_word' id='word_1_185' title='bbox 1540 3854 1585 3936; x_wconf 85' lang='lat' dir='ltr'>fi·</span> 
     </span>
     <span class='ocr_line' id='line_1_26' title="bbox 55 3969 1552 4078; baseline -0.001 -28"><span class='ocrx_word' id='word_1_186' title='bbox 55 3969 271 4078; x_wconf 86' lang='lat' dir='ltr'>dejussores</span> <span class='ocrx_word' id='word_1_187' title='bbox 292 3977 487 4057; x_wconf 86' lang='lat' dir='ltr'>dominam</span> <span class='ocrx_word' id='word_1_188' title='bbox 517 3977 559 4055; x_wconf 86' lang='lat' dir='ltr'>A.</span> <span class='ocrx_word' id='word_1_189' title='bbox 589 4001 742 4055; x_wconf 83' lang='lat' dir='ltr'>uxorem</span> <span class='ocrx_word' id='word_1_190' title='bbox 770 4002 890 4069; x_wconf 88' lang='lat' dir='ltr'>suam,</span> <span class='ocrx_word' id='word_1_191' title='bbox 920 3974 1159 4077; x_wconf 83' lang='lat' dir='ltr'>Redolphum</span> <span class='ocrx_word' id='word_1_192' title='bbox 1189 3974 1313 4056; x_wconf 90' lang='lat' dir='ltr'>filium</span> <span class='ocrx_word' id='word_1_193' title='bbox 1342 4001 1454 4054; x_wconf 91' lang='lat' dir='ltr'>suum</span> <span class='ocrx_word' id='word_1_194' title='bbox 1483 3983 1552 4053; x_wconf 80' lang='lat' dir='ltr'>etc.</span> 
     </span>
    </p>
   </div>
   <div class='ocr_carea' id='block_1_10' title="bbox 221 4128 1124 4214">
    <p class='ocr_par' dir='ltr' id='par_1_12' title="bbox 221 4128 1124 4214">
     <span class='ocr_line' id='line_1_27' title="bbox 221 4128 1124 4214; baseline -0.003 -21"><span class='ocrx_word' id='word_1_195' title='bbox 221 4131 263 4214; x_wconf 82' lang='lat' dir='ltr'>(E</span> <span class='ocrx_word' id='word_1_196' title='bbox 284 4130 452 4193; x_wconf 74' lang='lat' dir='ltr'>Zibaldoua</span> <span class='ocrx_word' id='word_1_197' title='bbox 472 4129 668 4209; x_wconf 71' lang='lat' dir='ltr'>Pa&#39;aycm&#39;cuo</span> <span class='ocrx_word' id='word_1_198' title='bbox 689 4129 723 4190; x_wconf 90' lang='lat' dir='ltr'>in</span> <span class='ocrx_word' id='word_1_199' title='bbox 746 4129 785 4190; x_wconf 91' lang='lat' dir='ltr'>R.</span> <span class='ocrx_word' id='word_1_200' title='bbox 810 4128 888 4191; x_wconf 79' lang='lat' dir='ltr'>Tab.</span> <span class='ocrx_word' id='word_1_201' title='bbox 912 4129 1124 4208; x_wconf 75' lang='lat' dir='ltr'>Taurinansi).</span> 
     </span>
    </p>
   </div>
   <div class='ocr_carea' id='block_1_11' title="bbox 148 4415 1495 4512">
    <p class='ocr_par' dir='ltr' id='par_1_13' title="bbox 148 4415 1495 4512">
     <span class='ocr_line' id='line_1_28' title="bbox 148 4415 1495 4512; baseline -0.003 -22"><span class='ocrx_word' id='word_1_202' title='bbox 148 4425 236 4494; x_wconf 86' lang='lat' dir='ltr'>DIV.</span> <span class='ocrx_word' id='word_1_203' title='bbox 266 4462 303 4473; x_wconf 92' lang='lat'><em>-</em></span> <span class='ocrx_word' id='word_1_204' title='bbox 331 4419 517 4493; x_wconf 81' lang='lat' dir='ltr'>Donatic</span> <span class='ocrx_word' id='word_1_205' title='bbox 544 4418 654 4492; x_wconf 76' lang='lat' dir='ltr'>Eccl.</span> <span class='ocrx_word' id='word_1_206' title='bbox 683 4418 956 4512; x_wconf 68' lang='lat' dir='ltr'>Augustani.</span> <span class='ocrx_word' id='word_1_207' title='bbox 984 4415 1186 4491; x_wconf 70' lang='lat' dir='ltr'>Homines</span> <span class='ocrx_word' id='word_1_208' title='bbox 1212 4415 1263 4488; x_wconf 81' lang='lat' dir='ltr'>da</span> <span class='ocrx_word' id='word_1_209' title='bbox 1290 4415 1495 4488; x_wconf 79' lang='lat' dir='ltr'>Amaltlo.</span> 
     </span>
    </p>
   </div>
   <div class='ocr_carea' id='block_1_12' title="bbox 374 4611 1273 4694">
    <p class='ocr_par' dir='ltr' id='par_1_14' title="bbox 374 4611 1273 4694">
     <span class='ocr_line' id='line_1_29' title="bbox 374 4611 1273 4694; baseline -0.008 -14"><span class='ocrx_word' id='word_1_210' title='bbox 374 4617 448 4680; x_wconf 82' lang='lat' dir='ltr'>Sina</span> <span class='ocrx_word' id='word_1_211' title='bbox 469 4637 552 4679; x_wconf 88' lang='lat' dir='ltr'>anno</span> <span class='ocrx_word' id='word_1_212' title='bbox 573 4619 603 4680; x_wconf 78' lang='lat' dir='ltr'>at</span> <span class='ocrx_word' id='word_1_213' title='bbox 622 4617 691 4678; x_wconf 86' lang='lat' dir='ltr'>loco</span> <span class='ocrx_word' id='word_1_214' title='bbox 712 4615 848 4694; x_wconf 71' lang='grc'><strong>(12222).</strong></span> <span class='ocrx_word' id='word_1_215' title='bbox 873 4615 966 4678; x_wconf 84' lang='lat' dir='ltr'>Faria</span> <span class='ocrx_word' id='word_1_216' title='bbox 993 4633 1035 4676; x_wconf 92' lang='lat'>111</span> <span class='ocrx_word' id='word_1_217' title='bbox 1062 4635 1104 4676; x_wconf 88' lang='lat' dir='ltr'>m.</span> <span class='ocrx_word' id='word_1_218' title='bbox 1127 4611 1273 4692; x_wconf 73' lang='lat' dir='ltr'>Augusti.</span> 
     </span>
    </p>
   </div>
   <div class='ocr_carea' id='block_1_13' title="bbox 54 4792 1585 5262">
    <p class='ocr_par' dir='ltr' id='par_1_15' title="bbox 54 4792 1585 5142">
     <span class='ocr_line' id='line_1_30' title="bbox 132 4792 1585 4896; baseline -0.006 -16"><span class='ocrx_word' id='word_1_219' title='bbox 132 4802 301 4882; x_wconf 89' lang='lat' dir='ltr'>Thomas</span> <span class='ocrx_word' id='word_1_220' title='bbox 328 4824 455 4878; x_wconf 89' lang='lat' dir='ltr'>comcs</span> <span class='ocrx_word' id='word_1_221' title='bbox 483 4795 994 4886; x_wconf 77' lang='lat' dir='ltr'>Macrianueusismarchio</span> <span class='ocrx_word' id='word_1_222' title='bbox 1022 4796 1060 4875; x_wconf 91' lang='lat' dir='ltr'>in</span> <span class='ocrx_word' id='word_1_223' title='bbox 1089 4793 1196 4874; x_wconf 87' lang='lat' dir='ltr'>Italia</span> <span class='ocrx_word' id='word_1_224' title='bbox 1228 4792 1433 4887; x_wconf 76' lang='lat' dir='ltr'>Ecclesiae,</span> <span class='ocrx_word' id='word_1_225' title='bbox 1461 4793 1585 4896; x_wconf 81' lang='lat' dir='ltr'>Augu·</span> 
     </span>
     <span class='ocr_line' id='line_1_31' title="bbox 54 4910 1582 5017; baseline -0.007 -18"><span class='ocrx_word' id='word_1_226' title='bbox 54 4921 177 5000; x_wconf 89' lang='lat' dir='ltr'>stensi</span> <span class='ocrx_word' id='word_1_227' title='bbox 205 4923 242 5001; x_wconf 90' lang='lat' dir='ltr'>S.</span> <span class='ocrx_word' id='word_1_228' title='bbox 271 4917 408 4999; x_wconf 89' lang='lat' dir='ltr'>Mariae</span> <span class='ocrx_word' id='word_1_229' title='bbox 435 4918 550 4997; x_wconf 79' lang='lat' dir='ltr'>donat</span> <span class='ocrx_word' id='word_1_230' title='bbox 578 4927 698 4996; x_wconf 81' lang='lat' dir='ltr'>totum</span> <span class='ocrx_word' id='word_1_231' title='bbox 728 4915 821 4997; x_wconf 91' lang='lat' dir='ltr'>illud</span> <span class='ocrx_word' id='word_1_232' title='bbox 850 4915 951 5017; x_wconf 91' lang='lat' dir='ltr'>quod</span> <span class='ocrx_word' id='word_1_233' title='bbox 979 4911 1156 4994; x_wconf 87' lang='lat' dir='ltr'>homiues</span> <span class='ocrx_word' id='word_1_234' title='bbox 1183 4913 1230 4992; x_wconf 92' lang='lat' dir='ltr'>de</span> <span class='ocrx_word' id='word_1_235' title='bbox 1259 4911 1424 4992; x_wconf 88' lang='lat' dir='ltr'>Arnaldo</span> <span class='ocrx_word' id='word_1_236' title='bbox 1462 4910 1510 4991; x_wconf 93' lang='lat' dir='ltr'>ab</span> <span class='ocrx_word' id='word_1_237' title='bbox 1538 4937 1582 4990; x_wconf 90' lang='lat' dir='ltr'>eo</span> 
     </span>
     <span class='ocr_line' id='line_1_32' title="bbox 56 5036 744 5142; baseline -0.013 -23"><span class='ocrx_word' id='word_1_238' title='bbox 56 5051 194 5120; x_wconf 85' lang='lat' dir='ltr'>teuent</span> <span class='ocrx_word' id='word_1_239' title='bbox 219 5039 259 5121; x_wconf 90' lang='lat' dir='ltr'>iu</span> <span class='ocrx_word' id='word_1_240' title='bbox 286 5037 425 5142; x_wconf 82' lang='lat' dir='ltr'>Syenia</span> <span class='ocrx_word' id='word_1_241' title='bbox 453 5037 551 5116; x_wconf 80' lang='lat' dir='ltr'>ultra</span> <span class='ocrx_word' id='word_1_242' title='bbox 578 5036 744 5117; x_wconf 89' lang='lat' dir='ltr'>Duriam.</span> 
     </span>
    </p>

    <p class='ocr_par' dir='ltr' id='par_1_16' title="bbox 134 5157 732 5262">
     <span class='ocr_line' id='line_1_33' title="bbox 134 5157 732 5262; baseline -0.012 -22"><span class='ocrx_word' id='word_1_243' title='bbox 134 5161 357 5262; x_wconf 82' lang='lat' dir='ltr'>Sequuntur</span> <span class='ocrx_word' id='word_1_244' title='bbox 384 5157 540 5238; x_wconf 87' lang='lat' dir='ltr'>nomina</span> <span class='ocrx_word' id='word_1_245' title='bbox 567 5157 732 5236; x_wconf 80' lang='lat' dir='ltr'>testium.</span> 
     </span>
    </p>
   </div>
   <div class='ocr_carea' id='block_1_14' title="bbox 136 5296 1580 5490">
    <p class='ocr_par' dir='ltr' id='par_1_17' title="bbox 136 5296 1580 5490">
     <span class='ocr_line' id='line_1_34' title="bbox 222 5296 1580 5394; baseline -0.007 -18"><span class='ocrx_word' id='word_1_246' title='bbox 222 5311 264 5394; x_wconf 78' lang='grc' dir='ltr'>(Ε</span> <span class='ocrx_word' id='word_1_247' title='bbox 286 5311 362 5375; x_wconf 77' lang='lat' dir='ltr'>Tab.</span> <span class='ocrx_word' id='word_1_248' title='bbox 385 5310 463 5390; x_wconf 85' lang='lat' dir='ltr'>epia.</span> <span class='ocrx_word' id='word_1_249' title='bbox 491 5310 690 5390; x_wconf 73' lang='lat' dir='ltr'>Augusteusi,</span> <span class='ocrx_word' id='word_1_250' title='bbox 722 5311 760 5372; x_wconf 84' lang='lat' dir='ltr'>F.</span> <span class='ocrx_word' id='word_1_251' title='bbox 790 5311 829 5372; x_wconf 82' lang='lat' dir='ltr'>A.</span> <span class='ocrx_word' id='word_1_252' title='bbox 864 5310 949 5385; x_wconf 90' lang='lat' dir='ltr'>Duc,</span> <span class='ocrx_word' id='word_1_253' title='bbox 985 5310 1167 5374; x_wconf 72' lang='lat' dir='ltr'>omcraire</span> <span class='ocrx_word' id='word_1_254' title='bbox 1194 5309 1232 5371; x_wconf 77' lang='lat' dir='ltr'>dc</span> <span class='ocrx_word' id='word_1_255' title='bbox 1263 5296 1406 5372; x_wconf 74' lang='lat' dir='ltr'>l&#39;IIcche</span> <span class='ocrx_word' id='word_1_256' title='bbox 1435 5307 1580 5379; x_wconf 77' lang='lat' dir='ltr'>d&#39;Acate,</span> 
     </span>
     <span class='ocr_line' id='line_1_35' title="bbox 136 5406 1208 5490; baseline -0.007 -16"><span class='ocrx_word' id='word_1_257' title='bbox 136 5428 211 5490; x_wconf 77' lang='lat' dir='ltr'>pag.</span> <span class='ocrx_word' id='word_1_258' title='bbox 232 5412 303 5484; x_wconf 87' lang='grc'><strong>209,</strong></span> <span class='ocrx_word' id='word_1_259' title='bbox 324 5410 358 5471; x_wconf 91' lang='lat' dir='ltr'>in</span> <span class='ocrx_word' id='word_1_260' title='bbox 381 5409 584 5472; x_wconf 65' lang='lat' dir='ltr'>Marcellam</span> <span class='ocrx_word' id='word_1_261' title='bbox 607 5409 642 5470; x_wconf 78' lang='lat' dir='ltr'>ui</span> <span class='ocrx_word' id='word_1_262' title='bbox 664 5409 772 5472; x_wconf 77' lang='lat' dir='ltr'>Sturia</span> <span class='ocrx_word' id='word_1_263' title='bbox 793 5409 951 5482; x_wconf 76' lang='lat' dir='ltr'>Italicae,</span> <span class='ocrx_word' id='word_1_264' title='bbox 974 5407 1045 5472; x_wconf 87' lang='lat' dir='ltr'><strong>Vol.</strong></span> <span class='ocrx_word' id='word_1_265' title='bbox 1069 5406 1208 5488; x_wconf 86' lang='lat' dir='ltr'>XXIII).</span> 
     </span>
    </p>
   </div>
   <div class='ocr_carea' id='block_1_15' title="bbox 138 5559 659 5616">
    <p class='ocr_par' dir='ltr' id='par_1_18' title="bbox 138 5559 659 5616">
     <span class='ocr_line' id='line_1_36' title="bbox 138 5559 659 5616; baseline -0.008 -12"><span class='ocrx_word' id='word_1_266' title='bbox 138 5561 167 5604; x_wconf 72' lang='lat'>24</span> <span class='ocrx_word' id='word_1_267' title='bbox 209 5560 307 5612; x_wconf 77' lang='lat' dir='ltr'>onum.</span> <span class='ocrx_word' id='word_1_268' title='bbox 320 5561 406 5616; x_wconf 68' lang='lat' dir='ltr'>Rom</span> <span class='ocrx_word' id='word_1_269' title='bbox 419 5559 519 5604; x_wconf 66' lang='lat' dir='ltr'>comam</span> <span class='ocrx_word' id='word_1_270' title='bbox 534 5559 659 5602; x_wconf 68' lang='lat' dir='ltr'>sabaudiae.</span> 
     </span>
    </p>
   </div>
   <div class='ocr_carea' id='block_1_16' title="bbox 0 0 2030 6185">
    <p class='ocr_par' dir='ltr' id='par_1_19' title="bbox 0 0 2030 6185">
     <span class='ocr_line' id='line_1_37' title="bbox 0 0 2030 6185; baseline 0 0"><span class='ocrx_word' id='word_1_271' title='bbox 0 0 2030 6185; x_wconf 95' lang='lat' dir='ltr'> </span> 
     </span>
    </p>
   </div>
  </div>
 </body>
</html>
