4070 6186
489 333 674 399 ADELAIS
703 333 971 400 FRANCORUM
998 331 1164 398 REGINA
1539 333 1585 396 93

145 575 177 652 S.
207 572 357 652 Henrici
387 574 693 675 imperandos
729 575 975 654 cancellarius
1015 575 1094 654 vice
1134 571 1311 651 Friderici
1353 570 1588 652 Coloniensis

78 691 333 795 archiepiscopi
361 685 678 773 archicancellarii
709 693 933 798 recognovit.

225 862 267 943 (El
289 862 395 926 Ohart.
420 863 666 925 Fructuariensi.
692 864 900 935 Gurcnauou,
924 864 1074 935 Procnes,
1088 882 1157 940 pag.
1175 862 1258 939 664).

452 1222 590 1290 COLIV.
619 1257 657 1272 -
684 1219 863 1336 Adalaia·
887 1220 1079 1292 umberti
1107 1223 1149 1291 11
1175 1217 1206 1289 f.

373 1380 587 1454 Lndovieo
623 1383 684 1455 VI
719 1385 977 1454 Francorum
1013 1383 1108 1475 regi
1142 1383 1282 1454 nubet.

781 1599 882 1658 1115?

147 1803 208 1880 lvo
237 1801 475 1882 Carnotensis
503 1801 591 1902 epis.
619 1799 808 1880 Ludovico
835 1801 1064 1879 Francorum
1094 1801 1191 1903 regi:

153 1922 298 2016 «Quod
326 1950 347 2000 a
374 1922 473 2001 lama
500 1920 677 2027 vulgante
705 1920 917 2000 audivimus
946 1921 1017 1998 hoc
1048 1947 1093 1998 ex
1119 1919 1255 1998 litteris
1283 1919 1439 1998 Vestrae
1466 1919 1592 2000 Excel-

80 2041 212 2120 lentiae
250 2042 387 2122 certius
421 2039 636 2132 didicimus,
668 2039 844 2120 videlicet
876 2041 977 2142 quod
1010 2053 1159 2142 neptem
1194 2039 1436 2118 Flandrensis
1470 2042 1591 2119 comi-

77 2159 196 2255 tissae,
225 2159 392 2264 puellam
420 2170 541 2240 aetate
570 2159 751 2247 nubilem.
779 2185 915 2264 genere
944 2159 1124 2256 nobilem,
1152 2158 1322 2239 honestis
1352 2157 1530 2248 moribus,
1548 2173 1592 2240 ut

76 2280 216 2374 dicitur,
245 2279 486 2377 laudabilem,
516 2281 554 2359 in
584 2305 698 2358 uxore
727 2279 864 2360 ducere
891 2277 1108 2382 disponatis.
1137 2279 1242 2371 Quod
1273 2304 1341 2358 nos
1368 2278 1498 2356 etDeo
1517 2278 1591 2381 pla-

75 2399 185 2479 citum
217 2427 300 2480 esse
328 2399 503 2480 credihus
531 2413 568 2479 et
596 2398 828 2494 hominihus,
856 2412 924 2479 etc.

231 2573 286 2653 (R.
311 2572 348 2632 G.
371 2575 400 2632 et
422 2571 459 2632 F.
483 2572 600 2650 Script.
624 2571 713 2631 Tam.
736 2570 805 2642 XV,
828 2571 879 2632 Ec·
900 2570 1003 2647 Epist.
1027 2568 1146 2642 Iconio,
1170 2587 1240 2648 pag.
1266 2573 1333 2630 161.
1357 2569 1494 2644 Adeleis,
1517 2569 1588 2630 Gle-

152 2670 288 2732 mentiaa
308 2669 508 2732 Flandrensis
530 2669 705 2730 comitissae
726 2668 837 2746 neptia,
861 2668 973 2746 quippe
994 2685 1072 2745 quae
1092 2671 1168 2728 nata
1188 2687 1224 2728 ex
1246 2666 1391 2728 Umberto
1412 2668 1447 2727 ΙΙ
1462 2670 1490 2728 et
1505 2667 1591 2728 Gisia

151 2767 338 2832 Clementiae
359 2769 487 2844 sorore).
965 2775 966 2780 ’

148 3019 164 3055 u
196 2987 296 3066 Uxor
322 2997 449 3064 autem
477 2983 655 3064 Ludoviei
684 2983 810 3064 Grossi
827 3044 834 3056 .
853 3043 886 3056 ..
921 2985 1049 3087 regina
1076 2982 1219 3063 hleidis
1248 2983 1327 3073 luit,
1348 3009 1452 3062 soror
1478 2983 1586 3062 Ame-

77 3105 152 3183 daei
180 3105 333 3184 comitis
361 3103 573 3184 Sahaudiae
602 3138 636 3176 ».

231 3275 395 3351 (Alborica‘
425 3276 567 3335 nomenati
600 3276 711 3336 Trium
742 3273 890 3334 Fontium
921 3273 1102 3335 chronicon.
1139 3272 1197 3334 Ed.
1231 3274 1268 3332 G.
1303 3273 1341 3332 G.
1374 3273 1588 3346 Luraurrrus,

148 3373 288 3450 Lipsiae,
311 3389 438 3444 unone,
461 3391 531 3450 pag.
555 3374 625 3432 337.
648 3371 808 3432 Alberieus
828 3371 1001 3432 monachus
1023 3371 1122 3432 addit:
1158 3393 1172 3429 c
1196 3371 1242 3431 De
1263 3373 1351 3449 cujus
1373 3371 1470 3432 altera
1491 3389 1592 3432 sorore

149 3471 306 3548 (Amcdei
327 3469 407 3541 ΙΙΙ)
423 3469 618 3531 marchiones
634 3468 856 3530 Montislerrati
871 3468 1050 3546 procedunt,
1066 3468 1102 3528 dc
1116 3468 1205 3528 tertia
1221 3467 1316 3544 Reges
1332 3467 1544 3544 Portugalliae
1561 3491 1588 3530 a.

149 3567 293 3628 Matildis
314 3566 538 3628 Lusitanorum
560 3566 677 3644 regina,
693 3566 770 3640 filia,
787 3585 850 3626 non
872 3584 955 3626 soror
977 3565 1104 3627 Amadei
1126 3565 1178 3626 III
1195 3565 1271 3638 fuit3
1287 3565 1458 3642 Margarita
1472 3569 1590 3639 autam,

148 3682 228 3741 quae
249 3665 375 3725 ineunte
396 3664 517 3725 saeculo
531 3681 598 3724 xrrr
615 3664 748 3724 Rainero
763 3663 1026 3724 Montilerratensi
1038 3663 1156 3741 nupsit,
1172 3662 1211 3724 ab
1226 3662 1360 3724 Amedeo
1374 3663 1419 3725 IV
1433 3666 1500 3726 orta
1520 3665 1590 3742 est).

408 4029 524 4096 OOLV.
556 4067 590 4076 -
619 4027 681 4097 Da
708 4025 903 4096 Ecclesia
929 4023 1261 4130 Hanrlannanai.

603 4241 676 4304 Sine
696 4261 779 4302 anno
800 4244 829 4301 et
850 4242 916 4301 loco
938 4239 1075 4318 (luel).

145 4439 275 4520 Guido
316 4439 544 4519 Viennensis
588 4439 887 4542 archiepiscopus
926 4437 1119 4518 carissimo
1161 4451 1295 4541 nepote
1332 4467 1400 4517 suo
1429 4439 1594 4518 Amedeo

70 4558 200 4640 comiti
230 4558 370 4664 gratias
399 4558 523 4639 reddit
551 4559 596 4638 de
624 4557 762 4638 iustitia
785 4572 822 4638 et
841 4558 1059 4638 defensione
1086 4557 1385 4638 Mauriennensis
1406 4556 1594 4652 ecclesiae,

71 4705 238 4783 eumque
267 4691 385 4784 rogat,
412 4693 455 4757 ut
481 4677 656 4758 ecclesias
684 4678 730 4757 de
758 4677 894 4780 quihus
914 4705 1033 4780 nuper
1059 4677 1234 4756 eamdem
1269 4676 1465 4756 ecclesiam
1494 4676 1594 4755 inve·

69 4798 236 4892 diverat,
259 4798 313 4879 illi
334 4798 470 4878 auferri
492 4824 566 4877 non
596 4797 704 4891 sinat,
723 4810 760 4877 et
786 4797 878 4877 alias
906 4825 997 4900 quas
1016 4796 1106 4892 laici¹
1130 4796 1363 4898 possidente
1390 4795 1595 4886 monachis,

68 4919 246 5022 occupari
277 4946 352 4997 non
380 4917 583 5022 permittat,
602 4929 640 4996 et
658 4917 949 4997 controversiam
971 4917 1018 4996 de
1036 4915 1239 4996 medietate
1257 4915 1436 4996 eeclesiae
1456 4913 1596 4994 montis

69 5036 246 5119 Garnerii
275 5038 346 5118 suh
370 5037 514 5139 judicio
543 5037 801 5142 episcoporum
829 5035 1199 5140 comprovincialium
1228 5047 1352 5137 ponat.

235 5207 461 5289 (Orrnvsmsn,
479 5209 717 5272 Oliortclcrtam
731 5208 915 5270 monasterii
930 5207 963 5269 S.
977 5207 1127 5269 Andreae
1142 5205 1316 5286 Inferioris
1324 5205 1468 5280 Vinacea,
1480 5224 1512 5283 p.
1525 5205 1594 5265 281.

152 5307 332 5386 appendix,
354 5309 431 5369 Dec.
454 5307 504 5366 72.
529 5305 629 5367 Guido
650 5305 795 5388 Archiap.
813 5305 997 5369 Viennensis
1013 5305 1116 5366 Gislae
1137 5305 1172 5365 de
1193 5303 1485 5384 Burgundialrater
1505 5306 1595 5382 erat„

149 5404 286 5488 proinde
306 5405 431 5470 Amedei
452 5405 504 5466 111
526 5404 727 5486 avunculus).
