4198 6190
721 342 939 408 HllNRlCUS
969 343 1014 408 IV
1578 348 1622 411 65

123 455 651 462 ———·--—-—-——-——--.-—-
660 454 974 462 μ-
993 455 1017 460 -
1062 455 1172 462 -.----
1179 453 1625 466 φα--αο--Ἧ-

123 473 205 480 .-

143 708 295 776 OLXXX.
319 749 353 759 -
382 707 552 780 Notitio
577 706 819 792 Adeloidis,
847 705 1028 778 amedei
1055 709 1108 790 11,
1138 709 1181 779 et
1210 707 1383 778 Eenrioi
1411 709 1471 779 1v
1499 708 1602 797 imp'

824 891 915 951 1076.

188 1102 208 1144 u
236 1071 362 1164 Quum
381 1067 421 1149 in
442 1068 578 1159 locum,
597 1068 661 1173 qui
682 1067 783 1150 Ciuis
803 1073 852 1169 (i)
874 1069 1024 1165 dicitur,
1045 1070 1206 1150 venisset
1225 1077 1430 1169 (Heoricus
1448 1077 1504 1152 IV
1520 1076 1624 1174 imp.)

107 1189 259 1270 obviam
287 1187 420 1270 habuit
445 1217 594 1269 socrum
622 1217 730 1270 suam
759 1193 1003 1288 (adelaidem
1028 1196 1292 1290 corellianam),
1320 1189 1517 1294 liliumque
1544 1199 1624 1294 ejus

106 1310 323 1390 Amedeum
352 1309 517 1398 nomine,
545 1337 705 1411 quorum
733 1308 771 1388 in
799 1308 874 1388 illis
894 1309 1110 1412 regionibus
1129 1326 1166 1388 et
1188 1310 1388 1389 auctoritas
1416 1309 1623 1390 clarissima

106 1441 146 1507 et
185 1427 438 1530 possessiones
478 1427 751 1532 amplissimae,
786 1441 823 1508 et
864 1456 1001 1508 nomeu
1030 1428 1319 1508 celeberrimum
1354 1441 1465 1507 eret...
1501 1433 1622 1534 Aegre

108 1549 263 1628 tandem
293 1547 512 1650 impetratus
539 1558 607 1639 est,
626 1560 667 1626 ut
686 1546 911 1649 provinciam
935 1547 1122 1648 quandam
1143 1548 1392 1652 llurguudiae.
1412 1534 1520 1628 bonis
1539 1576 1623 1627 om-

108 1665 223 1746 nibus
257 1664 611 1767 locupletissimam,
644 1665 873 1745 concedendi
908 1667 1085 1746 transitus
1126 1665 1338 1745 mercedem
1378 1665 1622 1770 dignarentur

107 1786 333 1889 recipere.»

269 1939 463 2020 (humbertus
474 1941 744 2002 Hausrncnuusrs
755 1939 1094 2020 (schafnaburgensis).
1107 1939 1198 2020 Apud
1211 1941 1333 2014 Puera,
1347 1939 1477 2014 Tom.V‚
1489 1961 1520 2021 p.
1533 1943 1616 2020 255).

400 2251 569 2319 CLXXXI.
600 2289 633 2300 -
663 2247 968 2319 nonasterium
994 2248 1331 2322 fruetuerlerrre.

648 2444 856 2506 7Deo.1nd.
881 2462 944 2550 xri:
969 2443 1086 2508 Sooiee.

182 2624 384 2734 Gregorius
412 2626 481 2706 Vll
510 2627 546 2704 P.
566 2627 603 2704 M
633 2652 742 2705 curae
770 2638 807 2704 et
834 2625 1047 2705 defensioni
1065 2624 1267 2705 Adelaidae
1296 2625 1506 2706 comitissae
1534 2627 1622 2707 Fru-

105 2747 323 2828 ctuariense
350 2745 574 2826 coenobium
603 2756 640 2823 et
668 2742 865 2825 Clusinum
894 2745 1164 2826 monasterium
1194 2745 1444 2826 commendat.

267 2900 390 2980 (Epist.
414 2898 551 2978 Gregorii
571 2897 654 2969 VII,
677 2896 732 2958 lib.
756 2896 791 2968 1,
814 2897 900 2975 episi.
924 2899 989 2976 87).

324 3207 511 3273 CLXXXII.
543 3245 578 3255 -
607 3203 837 3295 Gregorius
865 3203 958 3274 v11.
986 3202 1165 3272 Honori.
1193 3200 1414 3275 Pinarolii

786 3399 946 3461 Laterani.

186 3579 387 3684 Gregorius
411 3580 480 3660 Vll
508 3581 546 3660 P.
575 3581 622 3660 Μ.
639 3579 867 3660 monasterio
895 3581 930 3661 S.
959 3579 1096 3660 Mariae
1116 3579 1155 3660 in
1183 3579 1367 3672 Pinarolo,
1385 3579 1446 3660 cui
1474 3596 1621 3683 praeest

102 3699 326 3803 Arnulphus
353 3699 479 3790 abbas,
508 3697 770 3802 interpellante
798 3699 990 3780 carissima
1017 3698 1053 3777 S.
1081 3699 1179 3780 Petri
1209 3699 1288 3780 filia
1305 3699 1497 3780 comitissa
1526 3699 1623 3780 Ade-

105 3819 218 3922 layda
245 3847 330 3900 cum
359 3817 448 3898 liliis
475 3819 565 3914 suis,
595 3847 688 3922 quae
718 3817 972 3899 venerabilem
991 3818 1117 3897 locum
1144 3845 1188 3898 ex
1205 3818 1362 3922 propriis
1382 3818 1623 3900 facultatibus

103 3938 288 4028 fundavit.
316 3937 509 4043 privilegio
536 3937 760 4041 apostolicae
788 3935 1017 4018 auctoritatis
1044 3937 1183 4033 sancit,
1221 3944 1377 4041 ejusque
1405 3937 1505 4018 lrona
1532 3965 1617 4018 con-

105 4060 235 4139 firmat
263 4071 300 4137 et
326 4056 474 4164 regulas
501 4057 694 4138 electionis
718 4056 899 4138 abbatum
926 4053 1065 4136 statuit

183 4179 323 4258 Datum
351 4205 415 4280 per
443 4204 599 4258 manum
629 4177 724 4258 Petri
752 4179 788 4258 S.
815 4178 856 4256 R.
884 4176 972 4256 eccl.
1000 4174 1206 4279 presbyteri
1235 4176 1446 4258 cardinalis.

268 4332 310 4410 (E
331 4331 605 4424 Teb3monesterii
626 4330 845 4394 Pinaroleneis.
869 4329 1076 4403 Gorduenos,
1101 4330 1249 4405 Pronoea,
1266 4349 1338 4410 pag.
1363 4331 1424 4410 16).

152 4639 359 4710 CLXXXIII.
397 4679 432 4689 -
459 4635 665 4708 Henrioue
691 4637 752 4708 1v
779 4641 822 4709 et
849 4640 980 4708 Berto
1006 4633 1159 4728 regino
1186 4634 1317 4723 Alpe·
1342 4638 1576 4707 transeunt.

830 4819 917 4878 107⁷.

188 5034 206 5076 o
235 5003 329 5081 Cum
351 5000 388 5079 in
411 4998 588 5077 verticem
611 4998 752 5077 montis
771 5001 965 5096 (contrua)
984 4998 1190 5078 evasissent
1204 5002 1413 5096 (Henrr'crcr
1430 5007 1466 5074 et
1485 4999 1624 5086 uerte),

102 5121 211 5203 nulla
240 5117 396 5200 ulterius
427 5115 690 5223 progrediendi
718 5117 824 5219 copia
851 5127 941 5208 erat,
969 5144 1012 5194 eo
1040 5117 1141 5218 quod
1169 5143 1341 5219 praeceps
1362 5113 1500 5194 Montis
1528 5113 1624 5194 latus

101 5256 143 5320 et
169 5237 318 5344 glaciali
349 5235 484 5341 l'rigore
505 5232 692 5314 lubricum
712 5262 864 5314 omnem
886 5233 1033 5337 penitus
1052 5235 1248 5314 decessum
1271 5261 1405 5338 negare
1426 5233 1625 5312 videretur.

104 5359 175 5441 lbi.
194 5419 226 5434 ..
262 5383 361 5436 nunc
391 5353 576 5445 manibus,
604 5381 705 5432 nunc
732 5353 888 5456 pedilrus
915 5353 1108 5455 reptando,
1137 5381 1238 5432 nunc
1257 5353 1453 5434 ductorum
1469 5378 1623 5432 suorum

186 5532 200 5573 9
238 5529 337 5579 cum,
350 5527 436 5581 mesto
449 5527 548 5572 comitum
566 5525 696 5570 scantiae.
