4198 6190
773 303 988 370 lllMILLAE

487 755 639 822 CLXXV.
670 794 704 802 -
733 751 1040 824 monasterium
1068 749 1272 824 Ulcianra.

673 949 760 1020 1078,
785 951 820 1008 21
841 911 918 1008 brai.
944 948 1096 1010 Seoiisiae.

198 1128 374 1208 ildalaida
395 1127 584 1224 comitissa
607 1129 627 1206 l.
647 1140 714 1206 ato.
735 1142 773 1207 ot
790 1126 917 1208 relicta
942 1128 1072 1207 Otonis
1086 1127 1254 1222 comitis,
1274 1126 1451 1206 ecclcsiae
1480 1127 1638 1207 Ulciousi

119 1249 156 1325 S.
187 1246 376 1327 Laurentii
406 1249 452 1327 de
481 1247 589 1350 plebe
618 1259 824 1349 martyrum
854 1249 968 1326 donat
987 1247 1166 1348 braydain
1188 1275 1282 1350 quac
1302 1246 1399 1350 apud
1430 1245 1638 1326 bibianum

117 1378 197 1456 ost,
226 1381 263 1445 ot
291 1365 483 1445 teloneum
512 1382 638 1470 portae
666 1381 703 1446 et
738 1394 889 1470 pascua,
924 1364 1208 1446 consulentibus
1245 1380 1356 1468 atquc
1394 1365 1640 1445 laudantibus

119 1485 209 1566 liliis
236 1492 317 1586 ejus
353 1486 521 1565 Amedeo
561 1500 598 1565 et
631 1488 750 1565 Petro.
787 1486 932 1565 Testes:
968 1487 1095 1565 Bruno
1136 1485 1362 1580 vicenorum,
1401 1482 1641 1565 Constantius

118 1603 318 1708 gastaldio,
346 1606 471 1684 llrodo
499 1606 544 1683 dc
573 1603 751 1698 Atiliana,
781 1619 818 1682 et
845 1604 919 1683 alii.

281 1757 496 1836 (Chartarium
521 1758 678 1830 metense,
703 1758 809 1820 Obart.
836 1758 930 1832 XCV,
955 1778 1025 1838 pag.
1049 1760 1120 1836 94).

294 2153 464 2222 CLXXVI.
495 2191 529 2201 -
560 2149 789 2242 Gregorius
816 2151 910 2221 v11.
939 2147 1147 2220 arelatae
1176 2153 1219 2219 at
1245 2147 1468 2219 madeus.

632 2346 724 2419 1074,
748 2349 770 2410 2
789 2346 952 2408 Februarii
973 2347 1045 2408 Iud.
1069 2366 1133 2406 x11.

199 2526 404 2629 Gregorius
425 2525 494 2605 Vll
522 2527 559 2605 P.
580 2528 627 2604 Μ.
648 2525 895 2606 Guillelmum
916 2528 1229 2633 Burgundionum
1258 2527 1436 2606 comitem
1465 2527 1529 2629 qui
1550 2527 1640 2606 Ale-

119 2647 266 2725 xandro
293 2646 517 2725 antecessori
551 2673 619 2724 suo
647 2659 733 2725 ante
766 2673 899 2750 corpus
934 2649 1189 2751 apostolorum
1219 2647 1395 2751 principis
1427 2645 1640 2738 Petriana

117 2793 207 2845 curn
236 2764 319 2844 aliis
347 2765 564 2868 proceribus
595 2793 635 2844 sa
669 2766 897 2870 obligaverat
924 2794 982 2845 res
1010 2767 1047 2845 S.
1076 2767 1174 2846 Petri
1211 2767 1413 2846 defendere
1455 2766 1639 2856 bortatur,

119 2899 160 2964 ut
190 2886 382 2964 Romanae
418 2884 597 2964 ecclesiae
633 2884 799 2964 libertati
834 2915 920 2964 cnm
959 2885 1123 2965 exercitu
1159 2913 1227 2964 suo
1255 2898 1466 2976 succurram
1494 2885 1541 2965 de
1569 2885 1641 2965 hoo

117 3031 269 3107 quoquo
297 3001 475 3084 comitem
504 3005 539 3083 S.
567 3004 705 3110 Egisti,
725 3033 767 3084 ac
785 3032 958 3085 socerum
987 3004 1173 3100 lliccardi,
1201 3007 1365 3107 Capuani
1392 3005 1572 3109 principis
1605 3017 1643 3083 et

118 3124 328 3204 Amideum
366 3124 490 3204 filium
524 3123 735 3218 adelettae,
769 3136 985 3227 ceterosque
1014 3127 1049 3204 S.
1078 3125 1179 3204 Petri
1209 3125 1339 3205 fideles
1374 3125 1436 3228 qui
1466 3123 1644 3205 similiter

118 3243 297 3324 manibus
325 3245 371 3322 ad
400 3244 547 3323 coelum
577 3244 740 3323 extensis
769 3246 959 3326 Romanae
986 3244 1174 3342 Ecclesiae
1204 3244 1414 3324 libertatem
1443 3245 1540 3324 tueri
1560 3273 1643 3349 pro·

117 3363 287 3455 miserat,
314 3364 527 3454 admoneat,
557 3377 608 3459 ut,
636 3363 775 3467 pacatis
811 3364 1053 3457 NormanniS,
1082 3363 1264 3444 auxilium
1299 3363 1643 3466 Constantinopoli-

119 3484 217 3562 tanis
247 3483 342 3562 lerro
370 3485 493 3584 possit.

281 3637 342 3716 (Ex
361 3637 449 3716 epist.
466 3637 606 3714 Gregorii
620 3635 695 3709 VII,
713 3636 766 3697 lib.
784 3635 811 3709 Ι,
828 3655 873 3714 ep.
889 3636 941 3694 37.
957 3636 996 3694 Iu
1021 3635 1233 3696 Consiliorum
1256 3635 1343 3696 'Pom
1361 3635 1478 3708 XXVI,
1502 3655 1571 3713 pag.
1588 3637 1637 3696 67.
1739 3697 1741 3702 ,

200 3734 343 3812 Plerique
364 3733 493 3796 credunt
520 3735 691 3796 Amideana
714 3735 825 3812 filiam
856 3733 1033 3794 Audcllcttc
1058 3736 1087 3793 at
1110 3731 1282 3793 Amadeum
1302 3732 1336 3793 II
1359 3733 1514 3806 comitem,
1537 3731 1640 3793 filium

201 3831 337 3892 Oddonis
362 3832 551 3894 marchionis
573 3836 602 3892 et
622 3831 779 3893 Adalaidis
800 3831 973 3891 comitissae
994 3829 1207 3904 laurinensis,
1230 3831 1371 3892 eumdem
1385 3833 1414 3891 et
1430 3849 1527 3890 anum
1549 3835 1643 3906 asse).

275 4241 462 4306 CLXXVII.
491 4279 526 4288 -
555 4237 764 4310 Immillaa
792 4245 969 4310 monast.
1000 4240 1282 4312 caramanico
1312 4239 1496 4311 donatio.

624 4436 712 4508 1074,
736 4437 772 4496 at
797 4435 967 4509 Februarii,
992 4437 1061 4496 Iud.
1084 4457 1145 4496 1111.

193 4617 326 4706 lmilia,
357 4615 434 4694 lilia
461 4618 653 4719 quondam
683 4619 903 4721 blegnilredi
935 4621 1174 4712 marchionis
1198 4622 1278 4726 lege
1298 4621 1427 4701 vivens
1456 4620 1569 4701 salica
1598 4649 1642 4699 ex

122 4738 273 4816 natione
301 4763 377 4824 sua,
406 4726 633 4816 monasterio
661 4741 696 4817 S.
725 4741 864 4819 Mariae
893 4741 1202 4845 Caramagnansis
1230 4741 1345 4821 donat
1368 4769 1519 4820 mansos
1547 4741 1641 4820 duos

119 4885 208 4935 cum
236 4855 344 4948 casis,
373 4855 624 4936 sediminibus
651 4871 718 4936 eto.
748 4858 784 4938 iu
815 4859 1002 4939 territorio
1021 4860 1290 4948 Summarivae.
1315 4860 1479 4941 Traditio
1507 4861 1550 4939 lit
1578 4886 1643 4963 per
1737 4955 1739 4960 ,

120 4974 316 5054 cultellum
345 4990 413 5054 eto.
444 5019 490 5034 -
519 4978 555 5054 S.
585 4976 728 5056 lmiliac
756 4991 793 5056 ct
822 4979 988 5058 testium.

197 5095 327 5174 Petrus
357 5096 523 5175 notarius
552 5101 589 5174 S.
619 5096 751 5176 Palatii
782 5097 940 5202 scripsit.

160 5354 171 5414 1
249 5255 330 5414 6(1⁴1
353 5257 392 5317 R.
410 5257 486 5320 Tab.
504 5257 707 5330 Tauriueusb
727 5259 867 5322 dbbazta
882 5261 917 5322 dt
935 5262 1151 5340 Oaramaoao,
1170 5263 1241 5325 Fas.
1260 5263 1287 5324 1.
1305 5263 1352 5325 M.
1370 5263 1415 5324 H.
1432 5262 1470 5323 P.
1489 5261 1595 5324 Obart.
1613 5261 1640 5334 1,
1757 5325 1760 5332 ,

123 5373 183 5416 oo.
208 5356 247 5416 68
270 5358 291 5432 ).
725 5401 727 5406 ,
