4050 6188
566 391 788 458 tv0vuR1a
815 389 1084 457 carucarum

301 775 398 860 DUX.
414 833 450 843 -
468 787 682 863 Amadeun
708 790 779 862 1v.
808 788 1051 882 Hergsrita
1079 788 1129 859 de
1158 787 1362 880 Ribour'g.

234 991 641 1086 iaao,(siglopasah21i)
664 1003 697 1067 in
718 1004 827 1082 vigilia
855 1004 887 1065 fl.
912 1004 1065 1066 Matthiae
1087 1004 1156 1086 (die
1184 1005 1222 1063 24
1251 1002 1434 1080 Februarii)

646 1118 740 1199 apud
760 1117 793 1183 Β.
817 1119 1015 1182 Mauritium.

144 1319 336 1399 Amedens
363 1345 489 1400 comes
516 1319 726 1400 Sabaudiae
754 1332 792 1399 et
818 1321 856 1400 in
885 1319 991 1400 ltalia
1022 1319 1202 1414 marchio,
1232 1330 1269 1398 et
1297 1331 1416 1397 mater
1442 1324 1525 1419 ejus
1554 1330 1591 1396 et

65 1438 241 1544 germani
268 1439 308 1518 B.
337 1439 515 1520 ecclesiae
543 1439 764 1519 Bellicensis
792 1439 943 1533 electus,
972 1451 1005 1518 et
1036 1439 1232 1542 Philippus
1253 1435 1432 1518 Metensis
1459 1435 1592 1539 primi·

65 1558 193 1638 cerins
220 1559 442 1665 Margaritae
479 1560 597 1639 sorori
637 1558 852 1640 comitissae
888 1559 933 1637 de
969 1558 1088 1639 Kibor
1115 1559 1154 1638 in
1192 1568 1466 1663 augumentum
1496 1557 1593 1636 dotis

64 1679 215 1757 donant
241 1677 367 1758 villam
397 1680 433 1758 S.
463 1677 627 1759 Mauritii
654 1679 700 1757 de
729 1677 943 1758 Chablaisio
971 1707 1057 1757 cnm
1086 1679 1192 1757 omni
1214 1685 1298 1780 jure
1330 1705 1398 1756 sno
1427 1683 1594 1779 (excepto

59 1803 150 1897 jure
179 1796 344 1876 cudendi
371 1803 582 1898 monetam)
610 1810 647 1876 et
668 1797 794 1878 villam
823 1826 919 1900 qnae
947 1797 1083 1877 dicitur
1108 1798 1288 1877 Veronea.

233 1967 275 2049 (E
298 1967 336 2028 R.
360 1968 528 2031 Tabulario
550 1968 747 2031 Taurinensi.
771 1969 968 2042 Matrimoni,
991 1969 1100 2032 Manno
1120 1971 1148 2044 Ι,
1172 1988 1204 2028 n.
1220 1971 1251 2028 8.
1275 1968 1482 2041 carcanum,
1506 1967 1596 2030 Hiar.

158 2065 233 2128 Gen.
255 2065 405 2140 Pronoea,
426 2085 496 2145 pag.
520 2069 582 2146 63).

330 2428 449 2498 ccxl.
468 2467 505 2478 -
533 2425 727 2498 Ecclesia
755 2427 793 2498 Ι.
821 2426 1007 2499 stont·
1034 2423 1335 2499 Gandavanetu.

656 2644 744 2716 1240,
766 2661 868 2703 manse
890 2642 1014 2705 Martio.
1049 2715 1051 2720 Ι

150 2841 316 2922 Thomas
345 2842 390 2920 de
419 2839 609 2920 Sabandia
635 2867 761 2921 comes
789 2840 989 2920 Flandriae
1009 2853 1047 2919 et
1063 2841 1239 2921 Johanna
1258 2841 1450 2920 comitissa
1480 2841 1598 2922 eccle·

63 2963 151 3043 siae
179 2961 215 3042 S.
243 2961 401 3041 Beronis
432 2961 690 3040 Gandavensis
718 2961 861 3041 donant
890 2973 1016 3050 terras,
1043 2987 1134 3062 quas
1162 2986 1183 3037 a
1209 2960 1395 3040 Walterio
1422 2961 1469 3040 de
1498 2964 1597 3042 Cou-

64 3081 276 3186 denhonrg
302 3093 482 3160 emerant.

235 3250 498 3330 (Rarancanano,
521 3249 595 3311 Iroo.
620 3250 674 3310 cit.
698 3268 770 3328 pag.
795 3250 858 3325 20).

256 3609 388 3677 DOXII.
420 3646 454 3656 -
484 3606 706 3694 Philippus
733 3604 784 3677 de
813 3605 1030 3678 sabaudie
1057 3606 1278 3695 opiscopu-
1303 3607 1417 3679 Eleo.

608 3825 696 3893 1240,
720 3821 794 3884 Sine
814 3821 917 3883 Mense
937 3819 1063 3902 (Aprssi)

150 4023 390 4127 Praepositus
417 4036 456 4102 et
482 4050 564 4124 pars
592 4022 753 4126 Capituli
781 4021 1059 4102 Lausannensis
1090 4021 1379 4126 Archiepiscopo
1398 4022 1598 4104 Bisuntino

63 4160 107 4226 et
155 4142 335 4247 Episcopo
376 4139 604 4246 Lingonensi
646 4141 871 4222 electionem
913 4137 1077 4243 Philippi
1109 4142 1155 4219 de
1195 4139 1385 4221 Sabaudia
1419 4144 1598 4224 metensis

65 4261 282 4370 primicerii
310 4261 348 4341 in
377 4261 591 4365 episcopum
621 4261 807 4340 nuntiant.
1613 4269 1621 4284 “

238 4432 281 4516 (E
304 4431 447 4495 Chartul.
470 4433 699 4507 Lausannsnsi,
721 4398 792 4512 pag.
817 4436 880 4512 61).

461 4796 613 4864 Dcxffl.
643 4835 676 4843 -
706 4786 920 4864 Avovsris
948 4782 1210 4863 retentant.

595 5010 683 5084 1240,
707 5011 744 5068 23
764 5008 794 5069 d.
821 5007 923 5069 Junii.
945 5007 1097 5070 Melduni.

152 5211 285 5291 Petrus
313 5209 425 5290 frater
451 5209 600 5288 comitis
636 5207 864 5305 Sabarcae,
891 5237 1016 5288 comes
1044 5207 1210 5288 Rotundi
1241 5205 1393 5301 Montis,
1420 5233 1508 5286 cum
1538 5232 1601 5284 vo-

59 5337 226 5416 luntate
254 5329 424 5436 Hugonis
453 5328 600 5408 abbatis
629 5327 900 5424 Cluniacensis,
928 5326 1074 5448 capita
1102 5327 1292 5430 Stephano
1320 5327 1443 5430 priore
1470 5324 1603 5406 Pater-

64 5450 181 5536 niaci
211 5449 435 5530 Avoveriam
464 5448 577 5550 hujus
605 5446 687 5527 loci.
