4050 6188
511 319 811 390 CONFIRMATIO
839 319 1189 387 PRlVllAElGlORUM
1533 321 1603 386 215

95 435 332 445 ...ᾖ-η,
343 436 430 443 ...---
439 437 445 442 .
479 437 494 442 ψ.
503 435 817 442 --φμ-ρῳ-..ψ--η-
843 435 884 439 —
927 433 995 441 ---
1040 433 1210 440 -—--—-.--
1221 433 1605 442 -α-η--υ--μ--ι--ι-μ--ιμ

95 455 143 464 ,-
430 451 821 460 --.-————---—--.-.--.
910 451 937 456 —
944 450 1375 458 ..—-——..-.--.——...—

90 561 366 666 aliquantulum
404 564 451 643 ad
487 563 707 644 mandatum
743 562 906 667 episcopi
941 563 1041 644 vonit
1080 564 1125 643 ad
1166 561 1401 645 ohsidionem
1442 562 1605 644 Thomas
1720 651 1722 656 ,

88 707 215 763 eomes
241 684 452 772 Flandriae.
479 683 543 786 qui
571 695 651 782 erat
677 682 792 763 homo
820 683 931 789 ligius
959 683 1103 764 ratione
1131 684 1233 764 leudi
1262 683 1513 776 Hainiaoi...,
1538 685 1604 764 ad·

88 803 230 885 ducens
256 831 384 885 seeum
412 807 580 884 bibliam
602 807 828 903 petrariam
856 816 894 882 el
920 815 1065 884 caetera
1092 803 1228 885 bellios
1255 804 1506 886 instrumenta
1509 862 1603 886 .....

247 958 422 1041 (anaema
445 957 555 1020 Traron
578 957 739 1031 Porsina,
762 955 878 1020 (ihren.
902 976 973 1038 pag.
996 958 1080 1037 565).

345 1249 550 1318 DLXXXIX.
578 1287 614 1298 -
643 1247 948 1318 Honesterinm
976 1248 1026 1318 de
1059 1248 1348 1320 Soetendeele.

514 1447 602 1519 1289,
624 1463 726 1507 mense
749 1443 929 1507 Februario.
953 1445 1012 1506 Die
1033 1444 1192 1507 (linernm.

162 1629 325 1708 Thomas
352 1630 398 1708 de
425 1628 614 1708 Saharrdia
641 1656 767 1708 eomes
794 1628 992 1709 Flandriee
1020 1642 1057 1706 et
1081 1628 1256 1708 Johanna
1290 1626 1480 1706 eomitissa
1507 1651 1601 1704 eon-

84 1747 227 1830 oedunt
244 1746 356 1828 Gillio
374 1749 420 1826 da
438 1746 578 1850 Brogis
598 1761 639 1826 al
666 1752 781 1828 doner
809 1747 1049 1840 monasterie,
1068 1747 1168 1852 quod
1193 1746 1265 1826 sihi
1288 1747 1406 1849 magis
1426 1743 1600 1848 placebit,

85 1869 272 1971 quasdam
307 1880 422 1946 terras
460 1894 570 1970 prope
606 1868 715 1964 Mael‚
745 1896 788 1946 ea
821 1868 904 1974 lege
938 1883 979 1946 ut
1013 1869 1136 1970 ipsum
1175 1864 1444 1947 monasterium
1473 1863 1600 1946 abbati

92 2020 110 2058 «
141 1986 188 2065 de
216 1984 500 2067 Soetendaole·
538 1986 658 2065 solvat
685 1986 880 2065 annuatim
914 1985 1130 2089 qaindecim
1167 1986 1307 2066 solidos
1340 1984 1601 2065 Flandrenses.

247 2137 509 2220 (Rnrrrnrnnno,
530 2138 605 2202 Iros.
629 2140 683 2202 eil.
706 2158 777 2218 ρας.
802 2143 863 2218 18).

111 2431 214 2499 Dxc.
236 2471 270 2480 —
290 2429 471 2522 rhomes
499 2429 548 2501 de
577 2429 794 2502 Sebendie
822 2434 865 2522 et
893 2429 1092 2501 Johenne
1122 2447 1222 2501 oona.
1243 2426 1573 2500 flandrensium.

552 2629 640 2701 1889,
665 2631 702 2689 16
722 2626 752 2688 d.
777 2626 953 2689 Februarii.
976 2626 1136 2690 Latereni.

164 2808 365 2914 Gregorius
399 2810 449 2890 lX
480 2810 519 2888 P.
549 2810 595 2889 Μ.
630 2809 811 2911 Thomam
853 2811 899 2890 de
933 2808 1120 2891 Saheudia
1156 2808 1332 2890 comitem
1367 2819 1404 2887 et
1436 2807 1601 2888 nobilem

78 2927 287 3008 mulierem
313 2929 529 3009 Johannam
563 2928 791 3010 eomitissarn
826 2929 1132 3024 mararensium,
1169 2927 1318 3032 quibus,
1355 2939 1436 3031 post
1471 2927 1601 3007 malsi-

81 3047 260 3128 monium
289 3060 534 3137 contractum,
560 3060 793 3151 compertum
822 3049 891 3129 luit
928 3061 1061 3150 quarto
1101 3046 1293 3128 affinitatis
1328 3047 1444 3152 gradu
1479 3074 1519 3128 se
1553 3048 1600 3127 ad

77 3165 248 3247 invicem
267 3166 496 3273 contingere,
513 3179 555 3247 ut
573 3169 611 3247 in
632 3166 695 3248 teli
719 3167 863 3271 possint
883 3167 1123 3248 matrimonio
1138 3194 1366 3271 permanere,
1385 3165 1601 3247 auctoritate

79 3285 289 3390 apostoliea
314 3285 514 3390 dispenset.

246 3439 289 3521 (Ε
311 3440 350 3502 Β.
375 3439 453 3502 Tnb.
477 3440 673 3515 Mutinensi,
695 3441 780 3502 Moe.
803 3441 848 3503 H.
870 3441 945 3502 Par.
969 3440 1077 3505 (lherl.
1101 3442 1129 3516 Ι,
1153 3440 1210 3502 eol.
1234 3441 1336 3517 1888).

497 3733 611 3800 DXCI.
642 3773 672 3780 -
706 3730 984 3801 Enbltetores
1011 3726 1063 3799 de
1089 3729 1207 3800 Dens.

808 3912 895 3974 1888.

35 4159 37 4164 ,
164 4092 330 4172 Thomas
357 4091 403 4170 de
431 4089 619 4170 Sabaudia
645 4117 771 4171 eomes
799 4091 995 4171 Flandriae
1028 4069 1184 4172 rhandal
1215 4090 1337 4171 balivo
1362 4091 1600 4171 Gandavensi

80 4211 320 4292 habitatores
353 4241 370 4282 a
398 4211 445 4288 de
473 4211 566 4290 Darn
597 4225 625 4280 a·
645 4210 789 4290 solvere
816 4237 891 4290 non
920 4209 1056 4291 dehere
1085 4210 1268 4291 tributum
1294 4245 1310 4282 «
1329 4211 1374 4289 da
1390 4210 1559 4306 louhen,
1579 4245 1596 4285 o

79 4333 210 4412 donee
236 4341 418 4410 statutum
449 4330 507 4420 sil,
536 4357 581 4408 aa
611 4328 704 4409 illud
733 4329 876 4410 solvere
899 4337 983 4432 jura
1011 4343 1219 4410 teneantur.

249 4481 512 4564 (Rerrrnrsnno,
533 4481 609 4543 Iroo.
632 4482 685 4542 eil.
709 4500 780 4561 pag.
804 4482 866 4559 18).

414 4773 547 4841 axell.
576 4810 611 4818 -
641 4765 915 4843 confirmatio
943 4769 1277 4863 privilegiorum.

807 4953 895 5014 1288.

163 5117 328 5198 Thomas
355 5118 401 5197 de
429 5117 616 5198 Sahaudia
643 5146 769 5198 eomes
797 5119 993 5199 Flandriaa
1021 5134 1057 5200 al
1076 5120 1249 5200 Johanna
1277 5119 1465 5200 eomitissa
1491 5119 1601 5223 privi-

74 5235 186 5342 legia
212 5263 233 5314 a
258 5234 429 5340 Philippo
457 5235 502 5314 de
529 5235 673 5316 Alsasia
699 5264 874 5318 oonoessa
900 5239 1138 5320 confirmant.

249 5385 514 5468 (Rnrrrnrennno,
537 5387 612 5450 Iroe.
636 5387 689 5450 eil.
712 5405 783 5469 pag.
807 5391 870 5470 19).
