4050 6188
456 361 526 424 242
860 356 1053 425 REGESTA
1081 356 1283 426 OOMITUM
1310 355 1554 424 §nonomen

454 595 629 676 homines
663 592 817 675 Comitis
854 593 956 698 ligii,
983 604 1020 673 et
1053 591 1194 674 dehent
1226 594 1449 675 onveloetam
1490 606 1528 674 et
1563 621 1681 675 unum
1720 610 1944 700 praeceptum

454 714 565 819 epod,
584 712 702 793 semel
721 711 760 792 in
787 739 899 808 enno,
925 726 962 793 et
988 712 1145 793 alterum
1175 713 1213 794 in
1241 715 1422 820 Augusta,
1439 713 1539 818 quod
1559 713 1647 794 feeit
1672 715 1754 794 vioe
1773 717 1945 818 dompnus

454 831 604 936 quondo
631 857 757 912 eomes
782 829 869 910 feeit
895 830 1093 911 transitum
1128 831 1181 912 ibi
1215 844 1253 912 et
1284 832 1366 912 sine
1393 831 1524 924 ermis3
1555 833 1646 912 item
1686 835 1945 915 marescallinm

454 951 530 1032 feni
563 963 600 1030 et
632 949 776 1055 paleam
805 948 894 1030 item
930 949 1010 1030 vioe
1045 950 1222 1032 dominus
1259 950 1373 1032 debet
1410 951 1674 1033 administrare
1713 980 1887 1055 saporem
1916 957 1946 1034 in

454 1069 614 1175 coquina
639 1082 676 1150 et
711 1070 809 1176 ligne
847 1079 933 1149 ente
966 1069 1161 1164 comitem,
1188 1082 1226 1150 et
1252 1069 1365 1150 debet
1398 1069 1539 1150 habere
1575 1071 1709 1152 livrem
1736 1099 1869 1164 sunm,
1894 1073 1945 1152 sed

455 1215 531 1268 non
559 1188 810 1269 determinant
845 1189 876 1270 si
910 1185 1086 1268 mistralis
1120 1189 1234 1269 debet
1258 1187 1522 1270 administrare
1557 1189 1727 1271 montilio
1754 1203 1794 1271 et
1821 1192 1947 1294 cyphos

455 1319 493 1386 et
510 1306 678 1404 entelloet,
706 1320 775 1388 eto.

527 1427 661 1506 dotum
688 1427 728 1506 in
746 1427 859 1506 domo
878 1424 1049 1528 episeopi.
1069 1426 1195 1506 Testes
1213 1426 1332 1530 Gnigo
1350 1427 1398 1506 de
1417 1426 1614 1520 Aimesins‚
1632 1427 1862 1509 anlielmus
1880 1429 1945 1509 Bo-

453 1543 607 1640 nivardi‚
634 1543 840 1625 Tilbeudus
867 1544 913 1625 de
939 1545 1056 1625 Podio
1096 1545 1286 1638 deuterio,
1317 1544 1480 1626 Jeeobus
1508 1546 1556 1625 de
1583 1547 1705 1641 Porta,
1731 1547 1947 1628 Vollielmns

452 1662 499 1742 de
524 1664 669 1758 Areoto,
693 1663 942 1767 doqueminus
969 1667 1016 1742 de
1042 1662 1206 1743 Vellesie
1234 1674 1271 1743 et
1298 1662 1423 1767 plures
1451 1663 1525 1744 elii.

527 1781 689 1862 Jeoobus
716 1780 913 1862 Borberius
941 1783 977 1862 S.
1005 1781 1080 1861 Pel.
1107 1793 1145 1860 et
1171 1783 1275 1862 Com.
1303 1781 1388 1862 Seb.
1419 1781 1585 1863 noterius
1612 1782 1771 1886 scripsit.

609 1949 753 2030 (Reooet'l
766 1947 803 2010 de
817 1949 1013 2025 Promotum,
1028 1949 1197 2030 Priot'ldoeo
1211 1951 1255 2012 do
1268 1949 1365 2011 dotent
1378 1951 1522 2013 d’Aooto.
1546 1949 1611 2015 tto.
1626 1954 1710 2014 extet
1723 1952 1809 2031 epod
1822 1951 1863 2014 A.
1878 1951 1948 2014 Duo.
2018 1937 2019 1970 ¹

530 2045 605 2126 epis.
627 2045 863 2125 Angusteneem.
885 2045 1108 2126 Exemplum
1137 2047 1273 2110 Ooneilio
1303 2047 1455 2110 Lndovioi
1484 2047 1571 2110 dunin
1591 2047 1766 2111 Sebendiee
1784 2049 1949 2112 Ghombmii

529 2143 676 2205 residente
697 2143 887 2221 reoognitum
907 2147 937 2205 et
957 2161 1079 2206 numme
1099 2162 1174 2207 oure
1194 2143 1343 2206 oollotnm
1366 2143 1429 2206 ruit
1450 2146 1525 2226 (qno
1552 2164 1635 2206 enno
1661 2164 1698 2206 ex
1726 2145 1950 2207 confirmatione

533 2240 680 2318 edjnnoto
700 2259 764 2301 non
784 2239 904 2320 liquet),
919 2240 1063 2319 petitione
1085 2239 1245 2302 Frenoieoi
1265 2240 1300 2302 de
1316 2239 1465 2302 Ohetlnnt
1486 2241 1663 2304 oondomini
1686 2242 1783 2304 Unelli
1803 2247 1833 2304 et
1853 2243 1948 2304 Sancti

533 2335 683 2399 Mmoelti.
700 2336 900 2398 Confirmatio
920 2336 1050 2399 consilii
1069 2340 1220 2400 memoret
1235 2357 1251 2396 ι
1266 2337 1395 2399 Petrum
1410 2336 1557 2416 Pinoonie
1570 2339 1724 2400 Dooolent
1740 2338 1950 2402 Sammonion

533 2441 562 2496 et
585 2433 700 2497 Omine
718 2440 841 2496 metrae
859 2433 922 2496 em
941 2432 1075 2496 sotem
1089 2435 1131 2514 ι).
2019 2482 2020 2566 l

657 2877 660 2884 ’
742 2863 1008 2932 Dcnmvnl.
1037 2903 1072 2914 —
1100 2863 1297 2957 Largitto
1324 2861 1510 2957 Anguee
1537 2863 1662 2956 regin.

1160 3096 1248 3156 1242.

527 3311 676 3393 Henrioi
703 3312 753 3392 111
779 3310 934 3417 Anglioe
961 3310 1058 3416 regis
1086 3311 1221 3390 litteren
1255 3309 1522 3391 infeodetionis
1549 3313 1656 3392 Petro
1692 3314 1740 3392 de
1774 3311 1944 3394 Sebendie

454 3433 580 3528 saetae,
609 3430 881 3518 mnnierornm,
910 3442 1158 3511 mercatorum
1187 3442 1225 3510 et
1252 3429 1429 3510 feriarum
1465 3430 1512 3509 de
1543 3430 1685 3511 Bovves
1712 3433 1751 3512 in
1780 3435 1943 3513 eomitetn

452 3550 689 3648 Eboroeensi,
717 3549 826 3630 etde
853 3547 1098 3630 Cesterhnnte
1125 3547 1164 3628 in
1191 3549 1371 3630 comitatu
1399 3550 1520 3630 Herst.

607 3721 929 3802 (Wonenfflnnonn,
954 3717 1040 3782 Hm.
1063 3718 1152 3780 Petri
1172 3719 1227 3790 ΙΙ,
1249 3719 1464 3794 Prooattmm,
1487 3737 1558 3800 neg.
1581 3721 1632 3794 00,
1654 3719 1733 3784 Deo.
1757 3724 1835 3804 161).

686 4163 918 4231 DOLXXXIX.
952 4203 988 4214 —
1017 4161 1214 4235 &ohanne
1242 4160 1459 4235 oonttim
1486 4160 1725 4234 flandriae.

1161 4394 1246 4455 1242.

521 4627 696 4710 Johenne
730 4626 928 4708 Flandriee
961 4638 1000 4706 et
1031 4625 1249 4722 Hemoniae,
1278 4624 1469 4704 eomitissa
1502 4625 1706 4706 Summum
1734 4622 1941 4706 Pontifieem

445 4759 567 4854 roget,
596 4759 638 4828 ut
665 4745 905 4827 donationem
944 4752 1040 4826 0000
1070 4744 1250 4824 librarum
1278 4742 1549 4834 astisiensium,
1576 4743 1797 4839 confirmet,
1828 4767 1941 4846 quem,

448 4869 707 4949 consentiente
733 4893 858 4946 sorore
886 4895 970 4956 sne,
994 4866 1080 4946 feeit
1115 4863 1250 4944 merito
1283 4891 1351 4942 sno
1385 4863 1551 4942 Thomee
1578 4863 1639 4959 (de
1666 4861 1866 4962 Sebendio)
1888 4887 1941 4938 m·

449 4986 531 5068 miti
558 4985 757 5068 Flandriee
784 4998 823 5065 et
848 4985 966 5088 Heyn.
994 4981 1317 5088 percipiendarum
1342 4994 1425 5085 post
1451 4993 1611 5062 mortem
1638 5008 1747 5061 suom
1775 4977 1938 5084 quamdiu

447 5105 550 5186 idem
578 5107 740 5188 Thomas
767 5103 908 5186 vixerit.

605 5277 647 5356 (2
669 5277 708 5337 R.
730 5275 807 5338 Tob.
831 5273 1037 5366 Tnurinenei⁸
1051 5274 1170 5334 Inserta
1191 5275 1236 5334 ent
1257 5271 1291 5332 in
1311 5271 1405 5334 Bulla
1425 5270 1601 5332 Innooentii
1620 5270 1678 5344 IV,
1693 5272 1712 5330 0
1727 5271 1758 5332 d.
1774 5270 1846 5332 Deo.
1863 5267 1939 5335 1240,

523 5375 558 5436 de
579 5392 643 5452 qun
665 5374 734 5439 vide
755 5374 795 5435 ed
815 5372 921 5452 diem).
