4050 6188
595 358 716 425 AYMO
743 360 800 426 DE
830 359 1048 429 SABAUDIA

318 815 418 880 DXV.
452 851 484 862 -
513 809 676 884 foedus
702 814 852 882 ventre
880 807 1142 881 fridericum
1170 809 1213 878 11
1239 805 1338 893 imp.

562 970 606 1036 et
633 964 834 1036 Theman
862 982 964 1036 eom.
995 963 1097 1072 San

517 1180 608 1253 1228,
641 1180 677 1239 12
710 1179 808 1242 Junii.
841 1179 934 1258 Apud
966 1179 1125 1241 Geroeem.

143 1378 290 1458 Foedus
316 1377 488 1457 Andreae
517 1377 696 1480 Gnigonis
723 1377 903 1479 Delphini
930 1376 1221 1465 Viennensiset
1246 1373 1473 1456 Albonensis
1500 1401 1587 1452 enin

75 1495 280 1577 civitatibus
307 1497 473 1594 Taurini,
502 1496 678 1577 Pinerolii
707 1511 745 1576 et
783 1499 968 1576 Tortenae
1008 1511 1135 1578 eontra
1164 1494 1396 1576 Fridericurn
1427 1493 1589 1596 impera·

74 1629 186 1696 torem
214 1628 253 1696 et
279 1617 464 1696 Thomanr
493 1616 670 1698 comitem
701 1615 924 1696 Sabandiae.
952 1615 1163 1720 Delphinus
1191 1616 1237 1696 fit
1268 1615 1368 1694 aives
1404 1613 1586 1694 dictarum

75 1736 180 1815 triani
210 1734 416 1817 civitatum.
547 1784 550 1791 =

227 1906 271 1988 (E
295 1907 372 1969 aab.
398 1906 492 1970 eivit.
514 1905 742 1986 maurinensis).

220 2301 339 2370 DXVI.
368 2339 418 2352 —-
445 2298 623 2386 Apeehe
649 2259 858 2390 Aymoiiis
891 2297 942 2369 de
970 2299 1067 2371 seb.
1094 2295 1205 2370 Eoel.
1238 2257 1436 2371 metensi.

292 2513 440 2586 1229,16
462 2511 651 2575 Decembris.
674 2510 745 2573 Ind.
769 2531 807 2572 ιι.
831 2511 1027 2574 Seeneieein
1049 2513 1238 2574 oleastros.
1264 2512 1357 2574 Justi.

143 2716 268 2818 Ayrno
295 2715 397 2794 filius
426 2714 574 2794 cernitis
601 2714 648 2794 de
676 2715 864 2795 Sabandia
902 2714 1105 2796 confitetur
1130 2743 1149 2794 a
1177 2717 1348 2820 Gnigone
1377 2718 1585 2821 praeposite

73 2834 237 2914 Uleiensi
265 2833 448 2936 recepisse
477 2834 643 2937 quinque
671 2833 790 2914 millia
818 2835 1037 2923 solidorum,
1064 2863 1158 2913 xxvn
1184 2833 1298 2914 libras
1317 2835 1501 2917 bonarum
1525 2839 1589 2917 de·

71 2955 261 3034 uariorum
290 2953 574 3033 Seensiensinrn
603 2982 796 3045 novorum,
827 2954 980 3034 nomine
1008 2953 1263 3054 fidejussionis
1298 2967 1452 3036 centurn
1491 2985 1587 3037 mar-

69 3073 228 3154 charum
248 3073 414 3179 argenti,
435 3099 507 3175 que
529 3073 562 3153 ei
577 3101 642 3176 pro
667 3073 805 3154 Oberto
831 3074 972 3179 Aurngi
997 3073 1195 3154 tenebatur
1213 3073 1372 3156 eeclesia
1392 3075 1590 3158 Uleiensis.

139 3193 272 3274 Testes
303 3193 456 3272 fuerunt
482 3195 563 3298 Uge
591 3193 637 3272 de
664 3193 816 3289 Dorchi,
843 3194 964 3298 Guigo
992 3193 1039 3272 de
1067 3193 1261 3278 Amasim,
1290 3194 1422 3273 Petras
1451 3196 1498 3275 de
1519 3198 1591 3277 Το-

69 3323 161 3401 vete,
177 3313 398 3416 Stephanus
416 3313 578 3402 Landus,
593 3314 823 3393 Bertrandns
837 3313 1064 3394 castellanus
1079 3313 1267 3405 Saensiae,
1279 3314 1403 3393 aaaus
1414 3314 1591 3396 Guersns.

141 3432 343 3512 Comedus
370 3432 466 3533 lnip.
495 3432 614 3511 Aulae
642 3431 810 3511 notarius
838 3431 995 3535 seripsit.

270 3602 312 3682 (Ε
334 3601 444 3663 Ohart.
468 3603 619 3676 Uleiensi,
643 3602 720 3664 Dee.
742 3602 880 3675 oxelv,
902 3622 972 3682 pag.
997 3603 1078 3680 162).
1163 3587 1165 3590 ’

179 4001 320 4066 valt.
352 4039 384 4047 -
414 3996 553 4087 Aymo
581 3992 632 4067 tle
661 3991 879 4066 sabaudia
906 3999 951 4066 et
978 3995 1162 4068 ubertus
1189 3995 1482 4070 Hereseeleue.

537 4210 630 4270 Anno
652 4211 741 4282 1229,
763 4212 801 4269 22
822 4211 979 4272 Jnnuerii.
1002 4211 1074 4273 Ind.
1097 4231 1136 4274 11.

143 4412 272 4517 Guigo
300 4408 532 4515 praepositas
570 4408 755 4489 Uleiensis
790 4421 827 4488 et
866 4410 1033 4490 Andreas
1074 4423 1290 4513 procurator
1322 4411 1501 4491 ecelesiae
1536 4411 1596 4492 Ul·

66 4529 210 4611 eiensis
245 4529 434 4633 accipiunt
460 4556 480 4608 a
508 4527 667 4608 Radnlfe
696 4527 835 4609 Barrali
863 4542 901 4607 et
931 4530 1135 4610 Benedicta
1162 4530 1301 4610 Barrali
1330 4530 1375 4610 ed
1405 4558 1498 4633 opas
1526 4530 1595 4610 [ilii

67 4651 223 4730 comitis
248 4648 461 4730 Sahaudiae
491 4653 706 4749 (aymonis)
740 4649 930 4754 octoginta
969 4663 1006 4728 et
1045 4650 1214 4754 quinque
1255 4650 1368 4731 libras
1408 4650 1594 4729 bonorum

68 4770 154 4849 den.
174 4767 464 4850 Seeusiensinm
484 4795 580 4863 non,
601 4779 638 4846 et
655 4767 727 4847 hoe
740 4769 894 4848 nomine
908 4768 1163 4849 fideiussionis
1183 4782 1336 4848 eentum
1358 4769 1595 4850 marcharum

67 4889 232 4994 argenti,
251 4888 389 4992 quibus
411 4885 563 4966 aimoni
585 4913 651 4990 pre
673 4887 813 4966 Oberto
836 4887 986 4967 Aurnzii
1008 4889 1207 4969 tenebatur
1225 4889 1379 4969 eeclesia
1402 4887 1597 4969 Uleiensis.

147 5011 299 5088 Testes:
326 5007 366 5086 P.
392 5005 624 5110 praepositus
651 5007 688 5086 S.
717 5006 911 5101 Antonini,
949 5006 1081 5087 Petrus
1123 5009 1224 5088 Barr.
1264 5010 1311 5087 de
1342 5011 1480 5112 Berge,
1508 5009 1598 5088 aaa.

69 5127 173 5207 Barr.
204 5127 252 5206 de
279 5127 416 5231 Burgo,
446 5124 650 5205 Nieholans
678 5125 724 5204 de
753 5126 970 5221 Camuneio,
998 5125 1135 5205 etalii.

144 5249 262 5327 Conr.
290 5247 382 5350 Imp.
410 5244 529 5324 Aulae
557 5245 724 5326 notarius
751 5245 913 5348 scripsit..

238 5416 453 5498 (Chartarinm
475 5415 630 5492 Ulpianus,
654 5417 734 5478 Doe.
759 5417 857 5491 CXX,
881 5437 912 5496 p.
938 5419 1019 5498 113).
