4096 6190
446 365 516 430 ese
848 367 1044 438 enensrn
1071 368 1275 440 eonrrcrr
1302 370 1548 438 snescnrnn

442 605 586 688 domini
614 608 744 690 Otonis
765 609 985 709 Falconerii,
1005 611 1262 694 venditionem
1279 608 1458 704 laudavit,
1475 607 1692 691 confitendo
1710 634 1753 690 se
1772 607 1941 690 maiorem

443 751 534 820 esee,
561 739 601 808 et
620 729 761 830 juravit
786 741 855 811 etc.

517 846 653 930 Actum
679 846 778 954 epud
803 847 1040 944 Armeniam,
1068 851 1108 932 in
1136 852 1249 933 domn
1274 850 1463 933 Jchennis
1488 849 1536 931 de
1561 851 1713 931 bezeco.

518 966 662 1049 Testes:
688 967 851 1051 Pcncius
877 972 1109 1075 praepositus
1135 972 1172 1052 S.
1200 969 1396 1064 Antcnini,
1423 969 1630 1052 Velincdus
1658 969 1737 1051 vice
1765 993 1894 1050 eomes
1916 984 1945 1050 et

439 1085 583 1168 Arditio
611 1087 724 1170 freter
750 1093 851 1191 ejus;
878 1088 1062 1171 Oliverins
1089 1089 1136 1171 de
1162 1090 1332 1195 Ripeutn,
1359 1091 1470 1198 Hugc
1496 1090 1542 1171 de
1568 1087 1851 1192 Montemejori,
1879 1091 1944 1170 An·
2028 1082 2029 1096 Ν

441 1205 564 1286 tonius
591 1206 637 1287 de
656 1208 915 1314 Romegnanc,
932 1208 1144 1290 Ber-nardus
1164 1209 1210 1290 de
1228 1209 1378 1312 Aprilis,
1395 1209 1591 1291 Jchennes
1610 1207 1656 1289 de
1675 1209 1817 1290 Sancto
1835 1207 1946 1304 Petro,
2029 1248 2030 1292 r

443 1323 639 1407 Villelmus
666 1326 713 1407 de
738 1327 891 1424 Bruino,
909 1327 1110 1410 Villelmus
1136 1328 1381 1426 honivcrdcs,
1410 1327 1592 1410 Martinus
1621 1328 1667 1409 de
1695 1329 1881 1418 Romano,
1897 1329 1944 1408 Ja-

444 1442 559 1527 cobus
585 1445 752 1528 buzenus
780 1457 818 1527 et
844 1447 968 1552 plures
995 1447 1069 1529 elii.

519 1564 691 1647 Rubinus
717 1566 885 1648 notarius
911 1566 946 1647 S.
975 1567 1106 1649 Palatii
1134 1567 1290 1671 scripsit.

600 1699 643 1782 (E
664 1701 704 1764 R.
726 1701 804 1765 Ταῦ.
827 1702 1023 1766 Tenrinenei.
1047 1701 1134 1767 cate
1157 1703 1303 1768 Pt’neroln
1318 1705 1498 1784 ρνοαίααία,
1524 1703 1705 1784 Gentium).

672 1993 848 2062 OMLXVI.
879 2033 914 2044 -
942 1993 1181 2088 Prtvssepic
1206 1993 1422 2067 hominum
1449 1993 1500 2066 de
1528 1994 1729 2069 occurro.

1160 2177 1248 2238 11148.

523 2359 724 2436 Temmasc
749 2361 795 2436 di
819 2363 963 2439 Saenia
988 2373 1096 2438 conte
1121 2363 1166 2438 αι’
1203 2364 1395 2452 Mandra,
1418 2365 1491 2466 pic
1528 2363 1594 2438 nel
1627 2363 1723 2440 tete
1756 2383 1857 2437 avec
1891 2383 1951 2437 nen

442 2498 512 2554 crte
533 2478 745 2580 precilepic
770 2481 942 2582 rapotae
969 2482 1015 2557 in
1040 2488 1174 2570 fecere
1197 2483 1305 2560 delle
1333 2491 1443 2559 terre
1468 2482 1514 2559 di
1542 2487 1710 2560 Oenone
1736 2483 1754 2556 α’
1777 2483 1866 2558 ensi
1882 2485 1953 2557 enei

444 2595 664 2674 decernet·
689 2620 711 2675 o
737 2601 1037 2692 connectente
1062 2626 1088 2678 α
1113 2603 1202 2678 dire
1226 2625 1349 2678 evena
1373 2602 1599 2679 dichiarare
1633 2601 1678 2678 in
1708 2601 1827 2699 petati
1858 2621 1953 2676 nece

444 2716 872 2796 cioniecescedire'ttc
898 2721 1080 2798 delecter
1107 2723 1234 2824 captia
1262 2722 1307 2798 ei
1339 2723 1555 2798 cerronesi.
1581 2723 1615 2798 Ε
1643 2721 1660 2795 e'
1689 2720 1774 2797 ccci
1806 2719 1952 2796 s’ercne
2034 2805 2035 2828 ᾗ

442 2837 609 2913 reserere·
632 2859 659 2912 a
684 2847 787 2914 cette.
816 2841 980 2930 Quando
1006 2842 1217 2942 resipuere
1239 2841 1421 2943 pipliann
1438 2841 1481 2916 ta
1508 2843 1671 2933 croceo
1695 2839 1951 2916 meriencclc

440 2955 560 3056 fi9lt'e
584 2976 606 3031 o
634 2960 847 3035 trnttnecee'
871 2961 937 3035 det
959 2981 1031 3036 seeo
1056 2961 1242 3052 risccttm
1266 2961 1424 3059 quande
1450 2961 1528 3061 epti·
1553 2960 1602 3036 ed
1634 2959 1670 3034 it
1696 2957 1856 3060 fipliucl
1888 2979 1953 3034 crte

443 3075 606 3174 fcceanc
632 3078 675 3156 lc
699 3085 802 3169 feste
826 3078 934 3156 delle
962 3101 1094 3158 nuova
1127 3081 1372 3172 ααααίίααας
1406 3081 1566 3179 quande
1595 3101 1768 3180 peccave
1800 3079 1952 3178 l'e'mpre-
2035 3081 2036 3118 ¹

444 3205 592 3288 cetere,-
618 3197 668 3276 ed
692 3223 764 3276 ern
789 3201 987 3298 questione
1012 3201 1058 3275 di
1082 3201 1154 3278 ben
1178 3201 1361 3298 pubplico
1380 3222 1402 3277 o
1420 3201 1488 3276 del
1499 3199 1744 3299 particelcre
1762 3201 1952 3274 interesse.

600 3333 792 3417 (Ornnrmo,
816 3333 921 3398 &oric
940 3334 1025 3398 delle
1046 3333 1232 3398 Macerones
1251 3334 1287 3396 αα·
1308 3333 1439 3410 Βαναία,
1453 3333 1525 3399 Vol.
1540 3333 1587 3410 11,
1606 3352 1638 3414 p.
1653 3331 1704 3396 40.
1728 3331 1953 3398 Documentum

526 3431 736 3515 importum).

507 3727 756 3798 GMLXV11.-
775 3727 837 3800 De
864 3725 1133 3800 absolvendis
1160 3723 1537 3800 excommunicetis
1562 3720 1901 3796 neminen-thu.

965 3921 1054 3997 1245,
1077 3923 1114 3984 18
1136 3921 1166 3984 d.
1189 3919 1265 3984 Mei.
1287 3919 1446 4000 Lugduni.

525 4107 766 4189 Innocentius
794 4108 843 4187 lv
869 4106 996 4188 Electo
1024 4105 1263 4202 Taurinensi,
1289 4103 1468 4210 petitione
1501 4101 1670 4184 Thomee
1698 4101 1747 4182 de
1781 4100 1957 4182 Sebendie

449 4226 609 4322 comitis,
622 4226 803 4316 concedit,
816 4239 856 4306 ut
876 4225 1069 4307 nonnullis
1088 4225 1309 4307 hominihus
1327 4238 1447 4306 terrae
1466 4222 1584 4329 ipsius
1599 4220 1771 4303 Thomne
1790 4221 1831 4301 in
1845 4218 1959 4300 Teuri-

451 4348 558 4429 nensi
573 4347 727 4444 diocesi,
740 4345 1074 4428 excommunicetis
1089 4374 1154 4449 per
1171 4345 1357 4439 incendic,
1375 4342 1658 4424 ahsolutionem
1677 4341 1751 4422 hec
1767 4340 1848 4420 ricc
1860 4346 1954 4440 Juxta

449 4467 612 4550 formem
637 4465 827 4550 Ecclesiae
854 4467 1058 4572 impendet,
1094 4466 1264 4568 injuncto
1291 4462 1346 4544 eis
1372 4464 1473 4567 quod
1503 4463 1550 4542 de
1582 4468 1669 4564 jure
1696 4459 1813 4541 fuerit
1838 4457 1958 4560 injun-

448 4589 627 4696 gendum,
645 4587 791 4692 proviso
814 4597 940 4666 temen
960 4584 1061 4690 quod
1087 4585 1152 4680 cis,
1170 4583 1308 4689 quibus
1326 4584 1466 4663 demna
1484 4579 1707 4674 intulerunt,
1726 4576 1957 4658 satisfacient.

448 4712 636 4814 Expenscs
663 4735 763 4803 vero,
789 4733 882 4811 ques
908 4717 1035 4786 essent
1067 4717 1217 4810 propter
1250 4703 1323 4783 hoc
1358 4701 1543 4782 veniendo
1576 4700 1624 4780 ed
1657 4696 1789 4779 sedem
1823 4705 1960 4800 aposto·

451 4830 575 4926 licem,
603 4830 700 4933 apud
727 4828 847 4933 ipsam
882 4824 1067 4906 morando
1094 4837 1133 4904 et
1158 4823 1297 4905 deinde
1323 4820 1517 4903 redeundo
1543 4816 1687 4911 facturi,
1713 4816 1787 4898 sibi
1818 4813 1958 4896 Electus

450 4949 560 5030 saciet
594 4947 783 5055 assignari,
811 4957 849 5028 et
881 4945 1118 5048 consignatas
1154 4943 1290 5048 deponi
1324 4943 1363 5021 in
1398 4939 1524 5044 eliquc
1559 4948 1641 5018 tute
1668 4937 1768 5030 loco,
1795 4930 1958 5014 trasmit-

450 5069 583 5150 tendcs
603 5069 649 5149 de
677 5067 856 5148 mandato
878 5063 1081 5169 apostolico
1099 5063 1138 5143 in
1157 5060 1372 5142 subsidium
1392 5071 1489 5140 terre
1507 5068 1647 5138 sancte.
1667 5056 1861 5150 Quantum
1880 5073 1956 5128 rere

448 5189 640 5294 receperit,
668 5200 706 5268 et
732 5186 888 5267 nomine
914 5209 1045 5264 eorum
1077 5183 1124 5263 de
1156 5181 1295 5286 quibus
1325 5179 1518 5284 receperit,
1547 5175 1625 5260 suis
1651 5171 1793 5256 lietcris
1818 5169 1957 5252 studeat

448 5307 637 5392 Pontifieii
665 5307 853 5388 intimare.

609 5445 651 5524 (Ε
674 5443 713 5505 R.
736 5443 812 5506 ch.
836 5439 1030 5504 Teurinensi.
1053 5439 1221 5518 (Avennio
1243 5437 1431 5516 Ocanerale);
1454 5435 1611 5514 Rectene,
1634 5431 1792 5506 consae,
1810 5429 1891 5508 etet
