4198 6190
840 353 1047 420 AMADEUS
1687 355 1706 416 5

193 467 251 474 —-
282 467 422 474 -..-.----
457 469 473 472 -
508 467 840 472 ..---—--—.--—-.-
874 467 1034 474 ——.—--—
1051 468 1064 472 -
1130 467 1230 472 ---—--.
1243 467 1264 472 ....
1283 468 1287 471 .
1301 467 1360 472 -.---

191 605 395 694 patratores
424 595 624 696 nequitiae.
653 595 723 688 Qui
742 597 892 700 gavisus
913 609 969 675 est
989 595 1094 674 valde
1111 655 1118 669 .
1137 654 1142 667 .
1163 595 1339 674 dinudat
1358 594 1496 673 ideireo
1516 594 1706 680 omnibus,

192 713 437 816 Arduinoque
464 723 508 794 ut
533 714 714 814 adjuvent
748 742 834 792 eum
964 715 1063 793 Dum
1093 713 1219 817 itaque
1247 713 1418 793 venirent
1452 715 1497 792 ad
1525 726 1707 808 castrum,

192 832 348 911 hortans
375 832 567 914 Robaldus
595 831 661 912 ait:
698 861 719 912 o
748 832 897 926 fratres,
925 845 1087 940 pugnato
1117 861 1182 936 pro
1210 832 1409 912 animabus
1438 833 1588 927 restris,
1621 831 1708 935 quia

190 950 229 1031 iu
259 963 357 1031 terra
385 951 474 1032 estis
502 955 795 1032 Saraoouorum!
826 1014 831 1026 .
857 1013 895 1028 ..
930 955 1031 1033 Haeo
1058 955 1157 1032 ultro
1185 953 1271 1032 dolo
1301 952 1483 1054 dymouis
1512 953 1606 1031 l'aota
1634 965 1708 1048 est,

191 1077 297 1170 eujus
326 1100 444 1176 genus
472 1071 609 1152 nostris
637 1073 762 1150 adhue
790 1084 917 1151 manet
943 1072 1178 1176 temporibus
1210 1109 1240 1144 u-

351 1216 488 1294 (Chron.
512 1217 739 1290 Norolioiense‚
760 1219 806 1278 M.
830 1219 874 1280 H.
898 1219 936 1278 Ρ.
962 1219 1077 1296 script.
1101 1217 1146 1291 II,
1170 1239 1200 1298 p.
1226 1222 1315 1296 166).

515 1557 571 1624 xl.
600 1593 649 1608 -
675 1554 900 1626 umbertus
926 1571 1075 1625 eomas.
1104 1551 1388 1625 Amalfradurr.

680 1757 750 1826 976,
772 1774 874 1815 meuse
895 1754 991 1832 Majo,
1014 1755 1063 1814 die
1085 1754 1215 1815 sabbati.

267 1935 508 2015 Amaliredus
536 1935 708 2015 sacerdos
744 1937 860 2015 donat
892 1936 1120 2015 monasterio
1156 1935 1333 2015 Cluniaoo
1370 1935 1554 2038 quaenam
1588 1937 1708 2031 liona,

192 2083 286 2158 quae
314 2055 478 2158 possidet
506 2056 543 2135 in
572 2054 658 2134 villa
688 2055 858 2142 Modone,
887 2055 1045 2158 aliisque
1071 2054 1173 2144 loeis,
1202 2055 1240 2134 in
1269 2055 1476 2157 praeseutia
1509 2056 1709 2136 Humberti

193 2175 354 2254 comitis,

351 2311 390 2388 (E
413 2311 489 2371 rao.
515 2311 714 2373 Oluniaoensi
745 2310 943 2387 transcripsit
964 2309 1094 2370 Parnes
1116 2329 1158 2368 os
1182 2309 1300 2368 Rrvrz.
1324 2308 1508 2387 Exemplum
1529 2313 1712 2372 ortservotur

272 2408 306 2470 in
328 2408 405 2470 rab.
431 2409 468 2469 R.
492 2409 654 2470 Soeietntis
677 2408 876 2469 Taurinensis
896 2407 981 2467 Hist.
1005 2408 1091 2468 Patr.
1115 2407 1226 2468 studiis
1248 2407 1476 2486 provehendis).

567 2754 641 2818 ΧΙΙ.
671 2791 720 2803 -
747 2750 968 2823 Annelmu·
995 2756 1039 2823 st
1067 2753 1222 2842 nonjux
1248 2771 1336 2824 sua.

773 2948 860 3026 (Sine
880 2956 977 3027 anno)
999 2950 1134 3026 Agauui.

269 3127 482 3223 Ausa-lmus
511 3128 566 3206 vir
599 3127 764 3219 illustris,
792 3157 878 3210 oum
912 3140 1071 3238 conjuge
1102 3159 1169 3212 sua
1203 3137 1432 3217 monasterio
1467 3138 1503 3216 S.
1539 3140 1705 3221 Mauritii

194 3247 434 3352 agaunensis
463 3247 564 3350 petit,
583 3261 626 3326 ut
651 3249 721 3328 sihi
750 3249 930 3353 quasdam
958 3279 1017 3330 res
1045 3253 1213 3351 ejusdem
1244 3252 1316 3335 loci
1344 3256 1415 3334 sub
1435 3257 1590 3338 nomine
1608 3287 1708 3362 prae·

192 3365 327 3446 stariae
355 3365 426 3446 sibi
454 3366 635 3446 oonoedat
661 3368 700 3447 in
729 3367 815 3447 villa
843 3369 889 3448 de
917 3369 1106 3474 Sissiugo;
1134 3372 1234 3474 quod
1262 3372 1402 3453 facturn
1441 3387 1509 3472 est,
1539 3379 1709 3458 Conrado

192 3513 280 3589 roge
308 3486 577 3566 consentiente.
605 3487 806 3566 Anselmus
833 3515 920 3567 vero
949 3501 985 3568 et
1013 3497 1149 3591 conjux
1176 3517 1244 3570 sua
1271 3492 1353 3572 loeo
1380 3495 1416 3574 S.
1444 3495 1618 3577 Mauritio
1647 3497 1709 3577 de·

192 3604 333 3684 derunt
360 3605 618 3700 hereditatem,
640 3635 753 3708 quam
775 3607 977 3708 aquodam
1007 3608 1083 3689 viro
1113 3609 1278 3690 nominis
1306 3613 1564 3693 Mandalfredo
1592 3619 1714 3719 arqui·

192 3725 364 3802 siverunt
390 3725 428 3804 iu
457 3725 544 3805 villa
570 3725 750 3828 paternal.

353 3869 392 3948 (n
414 3870 489 3933 rab.
513 3873 545 3932 s.
568 3871 710 3931 Maurus
730 3873 861 3949 agua
881 3874 923 3935 rr.
948 3875 991 3934 rr.
1019 3875 1053 3936 e.
1079 3849 1186 3936 orari.
1210 3875 1256 3949 11,
1280 3878 1339 3938 001.
1365 3881 1426 3956 u).

464 4217 557 4282 XIII.
587 4252 633 4267 -
662 4213 875 4286 Amadum
911 4219 954 4284 et
990 4213 1216 4288 umbertus
1249 4215 1437 4287 nemitos.

586 4411 659 4472 Post
680 4429 799 4471 anuum
821 4411 878 4472 976
902 4411 964 4490 (Du
985 4411 1143 4473 Bouourrr
1166 4432 1218 4473 an.
1242 4414 1324 4492 977).

272 4589 503 4682 Chonradus‚
521 4617 585 4668 rex
601 4589 852 4696 Burgundiae,
872 4591 1021 4696 praedia
1047 4621 1140 4695 quae
1160 4595 1433 4674 monasterium
1455 4597 1491 4676 S.
1510 4597 1710 4680 Tlreoiredi

191 4709 233 4789 iu
261 4735 354 4814 pago
372 4707 498 4788 Diensi
527 4721 637 4812 atque
657 4709 916 4790 Valentineusi
946 4712 1119 4812 possidet,
1149 4713 1264 4817 regali
1293 4727 1473 4815 potestate
1493 4718 1711 4813 coufirmat,

189 4834 293 4908 hano
333 4828 508 4914 Chartam
543 4829 674 4908 annuli
716 4830 962 4931 impressione
989 4831 1113 4936 signat
1139 4847 1177 4911 et
1203 4861 1355 4941 suorum
1392 4835 1564 4915 fidelium
1595 4866 1710 4917 manu

186 4947 356 5030 roborari
372 4948 501 5050 jubet3
521 4948 696 5042 videlieet
711 4949 804 5028 Gelli
822 4949 984 5046 comitis,
1003 4951 1172 5031 dimonis
1193 4951 1355 5055 episcopi
1373 4959 1710 5053 (taruannensis),

190 5066 350 5148 Amedei
377 5066 537 5156 comitis,
567 5065 735 5148 Urnberti
764 5067 924 5146 comitis.

354 5211 480 5292 (Gallio
505 5209 699 5283 Christiano,
723 5209 811 5272 Tom.
834 5211 881 5284 II,
904 5233 975 5290 pag.
1000 5215 1068 5286 266,
1093 5213 1130 5273 R.
1148 5215 1186 5274 G.
1203 5218 1232 5276 et
1248 5215 1284 5275 F.
1309 5217 1424 5295 Soript.
1448 5237 1520 5296 pag.
1544 5205 1613 5292 697,
1629 5241 1713 5282 anno

275 5311 344 5382 966,
367 5309 420 5369 ubi
440 5307 520 5370 deest
541 5309 665 5386 signum
693 5309 822 5370 Amadei
852 5311 985 5370 comitis.
1019 5311 1096 5372 Vide
1124 5313 1460 5389 (numus-Lassora,
1486 5319 1548 5376 Sin·
1570 5319 1713 5397 l'ora‘pinr

275 5407 313 5468 do
336 5409 366 5467 Io
388 5405 512 5468 Maioma
533 5409 571 5467 de
592 5407 714 5476 Sardio,
739 5426 810 5484 pag.
835 5409 903 5482 227,
927 5407 1007 5484 quod
1028 5413 1146 5486 spectat
1168 5410 1207 5470 ad
1228 5419 1373 5490 aunum).
