4096 6190
477 335 547 400 262
878 327 1074 400 REGESTA
1100 331 1303 399 COMITUM
1331 331 1576 400 sassanntan

473 583 510 652 et
536 570 740 653 medietate
766 570 890 662 taliae,
917 582 955 650 et
981 571 1124 661 Comes,
1152 570 1306 674 nomine
1332 568 1605 662 transactionis
1632 567 1689 650 illi
1725 568 1847 650 solvat
1871 570 1958 652 libras

475 691 576 771 mitte
601 692 789 772 bonorum
829 689 1070 770 donariorum
1113 687 1397 783 secusiansium,
1439 687 1556 768 finem
1593 687 1703 769 iaciat
1731 689 1779 768 de
1808 689 1957 770 omnibus

475 810 623 907 debitis,
650 811 696 891 de
723 810 859 914 quibus
888 810 1159 890 monasterium
1187 809 1373 913 appellare
1401 808 1539 911 possit3
1559 819 1688 911 utpote
1716 808 1844 889 honus
1862 809 1957 890 dorci-

474 958 542 1009 nus
569 941 607 1008 ct
633 929 757 1009 fidelis
798 927 976 1009 vassallus
1000 937 1085 1030 jura
1127 929 1344 1009 monasterii
1384 927 1560 1008 defendat
1600 939 1763 1031 aponte
1791 927 1902 1007 veteri
1924 929 1957 1008 ad

472 1047 614 1126 llumen
643 1048 833 1140 heminae,
852 1047 889 1126 in
909 1047 996 1127 villa
1022 1048 1238 1128 monasterii
1267 1059 1305 1126 et
1331 1047 1369 1126 in
1400 1046 1494 1126 valle
1522 1046 1713 1139 Leminae,
1742 1059 1781 1126 et
1810 1047 1956 1126 homines

473 1167 685 1246 monasterii
713 1195 779 1269 pro
806 1167 882 1245 suis
911 1163 1183 1246 habitatoribus
1211 1165 1375 1270 recipere
1396 1177 1574 1268 nequeat;
1594 1178 1706 1269 atque
1726 1165 1773 1245 de
1795 1166 1955 1268 praedicta

473 1286 565 1366 valle
595 1285 702 1366 iaciat
729 1286 951 1366 fidelitatem
977 1285 1127 1365 Abbati.

550 1406 631 1498 Quo
658 1404 754 1483 lacto
781 1403 897 1484 abbas
925 1405 1109 1484 Comitem
1138 1403 1184 1483 de
1204 1403 1382 1484 omnibus
1401 1405 1623 1506 supradictis
1645 1403 1838 1484 investivit
1859 1406 1891 1483 in
1911 1432 1957 1482 nc-

475 1523 547 1603 bile
574 1523 729 1602 lendum
757 1536 795 1602 et
820 1521 1030 1626 antiquum,
1058 1535 1095 1601 et
1123 1523 1256 1603 Comes
1283 1521 1418 1602 Abbati
1441 1522 1662 1602 fidelitatem
1693 1523 1793 1602 lecit.

549 1641 686 1723 Arbitri
707 1643 859 1722 luerunt
874 1641 1100 1722 Guillelmus
1115 1641 1222 1743 prior,
1237 1642 1324 1721 Milo
1338 1641 1657 1732 eleemosinarius
1670 1642 1959 1722 Bartholomaeus

475 1762 678 1842 monachus
715 1759 945 1852 monasterii,
986 1760 1165 1841 Ricardus
1205 1761 1251 1839 de
1292 1761 1458 1840 Lucerna
1497 1773 1671 1864 potestas,
1711 1763 1754 1842 D.
1793 1761 1840 1841 da
1878 1761 1958 1840 Vale

474 1881 509 1960 S.
530 1879 690 1974 Martini,
716 1878 879 1959 lacobus
907 1877 1084 1974 Falletus,
1116 1879 1294 1958 Vivianus
1323 1880 1369 1957 do
1409 1879 1649 1960 Bricherascc
1675 1879 1867 1986 gastaldus
1901 1909 1959 1958 no·

478 1999 641 2078 naslerii.

550 2117 776 2198 iuraverunt
803 2118 948 2212 Comes,
967 2117 1094 2197 Abhas
1121 2132 1158 2197 et
1185 2145 1317 2197 omnes
1347 2115 1530 2197 Monaohi.

556 2237 810 2316 lnterl'uarunt
838 2248 949 2316 testas
978 2237 1151 2317 isoardus
1179 2238 1214 2315 d.
1242 2234 1466 2330 Mirandolii‚
1488 2235 1666 2340 magister
1692 2235 1960 2319 Michaelcleri-

477 2383 554 2450 cus,
584 2356 761 2458 magister
786 2355 924 2436 Villius
963 2355 1144 2450 medicus,
1174 2355 1328 2435 Villitus
1367 2356 1404 2434 S.
1430 2353 1632 2446 Ambrosii.
1661 2355 1698 2434 P.
1736 2357 1783 2434 da
1818 2357 1960 2442 Chabon,

477 2474 697 2555 Jacominus
724 2474 770 2554 da
798 2473 932 2580 Vigon,
959 2474 1124 2554 Poronus
1150 2474 1196 2554 de
1224 2475 1353 2575 Scapia
1380 2475 1505 2554 etalii
1534 2474 1656 2579 multi.

548 2592 711 2674 Jacobus
735 2592 849 2694 judex
877 2592 1033 2695 scripsit.

628 2746 691 2830 (Ab
711 2764 827 2825 exemp.
851 2731 921 2807 Bib.
945 2745 1137 2808 Parisionsis.
1165 2745 1257 2807 Edid.
1286 2745 1447 2808 Orcnaruo
1468 2749 1498 2807 ot
1528 2747 1675 2821 Pitoura,
1700 2745 1778 2808 Doc.
1808 2767 1878 2826 pag.
1910 2749 1959 2806 ltt.

551 2843 716 2923 Philippus
736 2843 772 2904 do
792 2843 948 2906 sabaudia
969 2843 1112 2921 princeps
1132 2841 1267 2904 Achaiae
1288 2845 1548 2916 an.1816,xxvx
1570 2844 1600 2904 d.
1625 2843 1714 2904 Junii
1736 2844 1820 2905 hanc
1843 2845 1959 2906 chartam

551 2941 583 3002 in
605 2940 680 3004 nrbc
699 2942 777 3002 Asta
796 2941 945 3018 Pompcjc
966 2940 1187 3020 confirmavit).

654 3288 657 3294 '
691 3288 859 3355 nocnlv.
889 3325 923 3336 -
951 3282 1382 3372 1t.archtepi·copu·
1410 3285 1763 3359 'termulensis

979 3483 1065 3556 1246,
1090 3485 1107 3541 2
1128 3481 1244 3544 Martii.
1269 3482 1298 3542 d.
1323 3481 1478 3560 Lugduni.

545 3663 784 3743 lnnooontius
813 3664 860 3742 lV
887 3663 1053 3743 Amadao
1083 3664 1125 3742 lV
1157 3662 1286 3742 comiti
1306 3662 1516 3743 Sabcudiae
1542 3663 1690 3742 nuntiat
1715 3690 1755 3742 se
1774 3665 1814 3742 tt
1840 3664 1956 3743 Taran-

473 3783 671 3862 tasiensenr
700 3782 860 3861 electum
888 3783 925 3861 in
955 3782 1271 3885 archiepiscopum
1302 3783 1540 3885 prornovisse.

627 3935 788 4015 (Bnaocn,
813 3935 971 4011 Rapiatroc
992 3934 1173 3994 d'Irtrtocortt
1195 3935 1258 4008 IV,
1283 3935 1360 3995 Doc.
1387 3935 1473 4007 1788,
1494 3933 1565 3998 Vol.
1588 3935 1616 4008 I,
1639 3953 1671 4012 p.
1696 3937 1779 4013 260).

765 4278 910 4345 ncotv.
941 4313 975 4324 -
1003 4273 1175 4346 Dedittc
1205 4271 1444 4347 communic
1468 4271 1689 4344 Pinerclii.

956 4472 1044 4544 1246,
1068 4471 1104 4528 12
1125 4469 1155 4529 d.
1180 4469 1298 4530 Martii.
1322 4469 1481 4531 Pinerolii.

2008 4579 2009 4621 r

544 4651 755 4729 Cornmune
772 4647 949 4728 Pinerclii
970 4675 1009 4727 se
1031 4649 1145 4727 ‹lonat
1164 4651 1200 4727 in
1224 4649 1380 4728 tutelam
1396 4676 1486 4753 pure
1506 4661 1543 4729 et
1560 4649 1677 4729 libere
1697 4651 1734 4731 in
1756 4665 1957 4754 perpetuum

469 4768 636 4847 Thornae
665 4769 711 4847 de
740 4767 927 4860 Sabaudia
956 4767 1095 4862 comiti,
1115 4783 1153 4846 et
1178 4767 1304 4846 omnia
1323 4768 1447 4848 banna
1467 4768 1539 4848 loci
1555 4769 1745 4862 Pinerolii,
1765 4769 1956 4849 secundun

467 4887 566 4989 quotl
594 4887 808 4967 continetur
835 4901 872 4966 et
891 4886 1147 4965 continebitur
1174 4885 1212 4964 in
1241 4885 1411 4986 capitulis
1439 4887 1611 4967 civitatis.

541 5005 730 5085 Tastihus:
761 5005 898 5086 Uberto
927 5006 972 5084 de
999 5005 1166 5109 Agalupa
1191 5005 1341 5104 judice,
1369 5005 1523 5085 Nicolco
1551 5006 1597 5085 cla
1625 5006 1815 5094 Brenecio
1843 5006 1956 5111 Ugoce

467 5125 512 5203 do
541 5125 667 5203 Monta
697 5125 837 5226 Maiori,
865 5137 902 5204 et
928 5124 1068 5227 Jacopo
1094 5123 1342 5204 Chiabrando.
2007 5139 2008 5145 ‘

543 5243 707 5323 Nonrina
735 5243 885 5323 illorurn
914 5245 960 5322 de
990 5243 1195 5322 credentias
1225 5243 1329 5322 Dorle
1358 5243 1403 5322 de
1432 5243 1524 5322 valle
1552 5245 1589 5322 S.
1617 5245 1781 5340 Martini,
1802 5239 1955 5324 lsocrdns

468 5367 515 5443 de
542 5364 643 5454 Cara,
670 5364 874 5442 Anselmus
915 5362 1091 5442 dominus
1134 5376 1262 5442 contos
1267 5421 1374 5440 .....
1402 5363 1567 5444 lacobus
1608 5365 1653 5444 do
1695 5363 1812 5460 Servi,
1841 5363 1956 5443 Petrus
