4096 6190
448 339 519 403 290
847 335 1043 404 Reeusru
1069 335 1273 403 OOMI'I'UM
1301 337 1545 404 SABAUDIAE

602 684 828 764 ccccxciv.
857 723 890 734 -
920 682 1071 751 Petne
1099 679 1150 752 rio
1178 678 1275 751 Sub.
1304 678 1497 751 Annulo·
1523 679 1561 752 Ι.
1588 678 1799 749 1111111111.

1079 862 1166 921 11150.
1190 859 1327 938 Agcuui.

519 1043 735 1146 liudolphus
763 1039 1000 1146 Ageunensis
1020 1039 1239 1120 monasterii
1259 1038 1387 1131 abbas,
1416 1037 1628 1141 Meynerius
1655 1039 1757 1141 prior
1784 1053 1824 1118 et
1847 1042 1943 1119 ceteri

446 1167 575 1243 iratres
602 1161 696 1242 inibi
725 1163 801 1240 Dec
830 1159 1100 1240 famulantibus
1127 1159 1238 1238 Petro
1266 1159 1312 1238 dc
1348 1158 1545 1239 Sabeudia.
1575 1159 1642 1246 Tu,
1675 1159 1797 1249 Petro,
1834 1187 1944 1239 comes
2030 1219 2031 1258 Ξ

445 1282 671 1362 Victoriosus
706 1293 888 1360 terrarum
917 1277 1106 1359 Chahlesii
1136 1291 1173 1357 et
1200 1277 1345 1356 Valesie
1383 1278 1490 1356 nohis
1523 1276 1706 1356 annulum
1742 1279 1861 1358 nostri
1893 1307 1944 1380 pa·
2030 1259 2031 1280 ¹

448 1401 543 1480 troni
563 1401 599 1479 S.
615 1396 778 1478 Mauritii
797 1398 992 1477 humiliter
1009 1397 1145 1500 petisti.
1161 1397 1247 1484 Nos,
1264 1423 1452 1475 memores
1472 1395 1744 1476 beneficiorum
1766 1411 1804 1475 et
1822 1412 1946 1476 restau-

446 1517 599 1599 rationis
619 1531 764 1596 nostrae
783 1515 963 1594 ecclesiae
982 1515 1098 1594 factae
1117 1541 1183 1618 per
1201 1513 1502 1593 illustrissimum
1524 1514 1723 1594 dominum
1746 1517 1945 1595 Arnedeurn

450 1637 596 1716 fratrem
628 1647 746 1728 tuum,
766 1634 928 1712 eundern
958 1633 1140 1712 annulum
1172 1647 1233 1711 tue
1261 1632 1488 1712 excellencie
1515 1631 1714 1725 donemus,
1733 1661 1777 1712 ea
1804 1635 1897 1738 lege,
1915 1647 1946 1710 nt
2030 1701 2031 1732 ,

450 1757 486 1835 in
515 1767 704 1857 posterum
732 1764 909 1854 perpetuo
937 1751 1059 1844 abeo,
1081 1749 1144 1853 qui
1171 1779 1237 1854 pro
1267 1765 1435 1854 tempore
1454 1779 1579 1830 cernes
1601 1752 1713 1831 luerit
1731 1752 1945 1832 Sahaudiae

448 1874 557 1975 pleno
581 1879 664 1973 jure
693 1869 815 1950 veniet
843 1869 1101 1972 possidendae,
1130 1887 1167 1948 et
1201 1871 1300 1972 quod
1338 1869 1547 1972 campanile
1585 1871 1692 1950 uobis
1730 1872 1943 1974 promissum
2030 1879 2031 1904 ³

450 1990 675 2070 aedificetur.
2030 2079 2031 2090 χ

524 2111 668 2188 Testes:
689 2109 871 2188 Henricus
889 2109 1128 2197 sedunensis
1149 2108 1338 2186 Amerleas
1359 2109 1637 2187 lausannensis
1657 2108 1833 2212 episcopi,
1853 2111 1946 2214 Hugc

449 2228 564 2306 eblras
592 2229 628 2307 S.
656 2229 843 2332 Eugendi,
883 2227 1003 2328 Aynro
1039 2226 1114 2305 Das
1142 2225 1187 2304 de
1215 2227 1422 2330 Foacigny,
1449 2229 1581 2306 Petrus
1609 2228 1655 2306 de
1684 2229 1851 2320 Tlrovez,
1876 2230 1948 2308 Ste—
2030 2223 2031 2316 ζ

450 2347 596 2447 phenus
625 2347 670 2424 de
697 2344 905 2438 Ruurillien
935 2343 1147 2446 lleynaldus
1175 2344 1220 2422 de
1250 2345 1396 2440 Urzier,
1428 2346 1606 2426 Ricardus
1634 2346 1895 2436 cancellarius,
1920 2361 1948 2424 et

451 2465 560 2544 Falco
587 2466 633 2543 de
660 2465 696 2544 S.
726 2462 908 2542 Mauritio.

608 2600 833 2678 (Gurcuuuou,
857 2600 942 2660 Hist.
970 2601 1043 2661 Gen.
1068 2600 1221 2672 Pronoea,
1244 2619 1315 2678 peg.
1339 2602 1387 2660 73.
1411 2599 1458 2660 De
1480 2601 1656 2662 sinceritate
1676 2602 1804 2664 chartae
1824 2623 1883 2664 uon
1903 2605 1949 2664 im·

531 2698 637 2758 merito
659 2697 837 2774 ambigitur.
854 2696 1152 2772 Vurslembergerius
1174 2696 1411 2757 animadvertit:
1431 2699 1608 2759 «Anneius
1622 2699 1798 2778 deperditus
1816 2720 1876 2761 une
1890 2720 1948 2760 curn

532 2793 673 2855 «chorte
694 2793 849 2869 originali,
872 2798 1006 2870 ternpore
1026 2793 1168 2871 usurpati
1189 2793 1380 2856 Pedemontii
1401 2813 1454 2872 per
1476 2794 1592 2856 Gallos.
1610 2795 1746 2858 Chartae
1767 2799 1948 2858 111111111ἰοί11

533 2889 713 2950 ariobinna:
737 2889 854 2950 Datum
876 2891 941 2966 ejus
961 2889 1155 2950 irrationale:
1173 2891 1263 2949 Anno
1286 2891 1363 2950 1250
1384 2889 1505 2950 sedebat
1526 2891 1559 2950 in
1581 2892 1729 2954 cathedra
1751 2892 1947 2954 Lauseuuensi
2030 2895 2031 2938 t

533 2986 688 3048 Johennes
709 2985 882 3065 episcopus:
907 2986 1047 3048 Mortuus
1068 2991 1134 3048 erat
1155 2986 1304 3048 Amedeus
1324 3005 1408 3048 enno
1429 2987 1551 3048 1168.»

825 3299 1033 3366 1100011111.
1069 3337 1103 3346 -
1139 3296 1334 3368 (taetrum
1361 3297 1590 3368 releverii.

1168 3463 1253 3520 1250.

530 3636 832 3718 Guillelrnus·de
866 3638 968 3717 Bello
995 3640 1129 3718 Valere
1165 3656 1326 3719 castrum
1365 3642 1410 3720 (le
1445 3641 1655 3735 FalavcriO,
1694 3647 1793 3746 quon
1828 3645 1947 3723 auxilio
2030 3647 2031 3682 ³

452 3757 551 3837 Petri
579 3756 625 3835 de
653 3755 860 3836 Sabaurliee
889 3772 1177 3859 recuperaverat,
1204 3760 1378 3839 concedit
1406 3760 1473 3862 ipsi
1503 3761 1626 3855 Petro,
1647 3763 1760 3864 idque
1790 3763 1826 3842 in
1853 3763 1949 3841 leudo
2030 3783 2031 3790 ’

455 3905 476 3954 a
501 3877 610 3954 Petro
638 3875 777 3976 recinit,
798 3875 856 3954 cui
878 3875 1094 3979 homagium
1117 3877 1249 3980 ligium
1270 3878 1355 3958 lacit
1364 3910 1375 3977 3
1398 3885 1528 3978 jurans
1550 3880 1772 3960 fidelitatem
1794 3894 1834 3960 ut
1852 3882 1949 3960 ironic

454 3995 575 4098 ligius.
603 3995 763 4074 Brianua
792 4023 882 4073 uxor
909 3995 1101 4075 Guillelrni
1130 3999 1175 4074 ile
1203 3997 1308 4074 Bello
1335 3998 1524 4077 consentit.
1551 4013 1589 4077 et
1615 3999 1805 4102 approbet

533 4114 725 4193 Jclraunes
752 4114 976 4192 Viennensis
1005 4115 1302 4218 archiepiscopus
1331 4117 1471 4195 litteras
1499 4117 1648 4220 sigillat.
2030 4137 2031 4140 ’

539 4343 563 4404 S
615 4249 668 4403 (ᾗ
683 4249 758 4312 Teb.
790 4249 883 4422 (lega.)
904 4249 1011 4328 Gomp.
1036 4251 1342 4329 Grationopolitenee
1369 4251 1449 4314 edid.
1480 4251 1642 4314 0111111110
1669 4259 1699 4318 et
1725 4257 1856 4328 Psonis,
1880 4253 1948 4313 Doc-

563 4343 604 4420 ig.
667 4360 728 4415 ou,
753 4362 784 4419 p.
813 4346 894 4404 10.

552 4651 777 4720 1100011111.
800 4690 833 4701 -
852 4645 1100 4722 Bonifaoius
1127 4649 1178 4720 do
1207 4651 1301 4722 Sub.
1329 4653 1526 4742 Archiep.
1557 4655 1865 4728 contumacis.

989 4833 1075 4890 1250.
1100 4831 1218 4893 Datum
1240 4831 1434 4896 Gerthusiee.

533 5013 642 5118 Hugo
668 5011 885 5093 Carthasiee
919 5012 1018 5114 prior
1044 5012 1238 5092 Bonifacio
1270 5014 1316 5092 de
1352 5015 1543 5094 Sahaudia
1575 5016 1817 5096 Cantuarensi
1843 5013 1948 5094 archi-

457 5129 627 5233 episcopo
663 5130 843 5234 plurimes
879 5129 1016 5232 gratias
1054 5131 1129 5236 egit
1166 5158 1230 5234 pro
1271 5133 1438 5236 Gregorii
1475 5134 1598 5240 Magni
1639 5136 1836 5214 Moralium
1869 5131 1948 5212 libro

459 5249 532 5330 sibi
559 5250 662 5330 dono
686 5249 785 5331 dato.

618 5383 839 5467 (Geronteon,
862 5385 949 5447 Eiet.
978 5385 1052 5449 eea.
1076 5385 1224 5460 Pronoea
1246 5405 1317 5466 peg.
1341 5385 1403 5465 58).
