4070 6186
683 363 890 432 AMADEUS
920 363 973 430 Ill

312 853 478 921 OOLXVL
508 892 543 901 -
573 847 839 923 Reformatio
868 851 906 922 8.
937 849 1348 941 Μαι-1111136661.

612 1065 699 1136 1128,
723 1064 760 1124 31
785 1063 901 1125 Martii.
925 1063 1062 1142 Agauni.

142 1265 333 1346 Amedeus
361 1265 427 1344 Dei
456 1263 573 1368 gratia
601 1289 729 1341 comes
758 1274 797 1342 et
829 1261 1016 1352 marchio,
1045 1263 1092 1342 ad
1122 1262 1342 1342 instantiam
1372 1259 1493 1340 listris
1526 1258 1582 1338 sui

72 1384 248 1488 llayualdi
277 1382 475 1488 praepositi
503 1387 540 1463 S.
570 1381 737 1464 Mauritii
764 1395 801 1461 et
828 1383 874 1462 de
902 1381 1061 1462 consilio
1091 1381 1259 1487 llugouis
1290 1379 1451 1484 episcopi
1493 1381 1584 1458 Gra-

73 1503 324 1608 tianopolitaui
344 1501 523 1584 reformat
540 1515 680 1582 statum
700 1501 888 1580 Ecclesiae
912 1503 949 1580 S.
972 1501 1137 1581 lllauritii
1173 1499 1408 1606 Agaunensis
1442 1499 1479 1578 in
1513 1500 1583 1578 Co-

69 1625 196 1705 mitatu
232 1652 312 1718 suo,
338 1651 452 1726 quam
480 1620 747 1702 miserabiliter
773 1621 980 1702 desolatam
1016 1619 1279 1724 componeret,
1318 1632 1356 1699 et
1387 1616 1585 1698 constituit

67 1745 263 1824 canonicos
283 1744 321 1822 in
349 1742 538 1848 regulares
559 1739 759 1821 canonicos
779 1753 1026 1821 commutare.
1056 1742 1103 1820 Ut
1130 1754 1256 1820 autem
1279 1740 1372 1819 haec
1397 1736 1583 1818 institutio

69 1863 306 1970 llegularium
335 1861 603 1942 canonicorum
632 1858 902 1940 iuviolabiliter
934 1873 1165 1965 permaneat,
1193 1859 1451 1961 Apostolicum
1479 1872 1584 1962 rogat

68 1997 104 2063 ut
128 1986 249 2087 ipsam
279 1981 505 2063 confirmare
533 1981 720 2085 dignetur.
737 1982 774 2060 S.
789 1979 967 2061 rlmedeis
988 1979 1147 2070 comitis,
1162 1981 1197 2061 S.
1217 1979 1386 2084 Hugonis
1406 1977 1581 2082 episcopi,

66 2104 98 2181 S.
127 2102 315 2206 Raynaldi
342 2100 550 2206 praepositi,
579 2101 615 2181 S.
644 2100 917 2181 Hermeuiardi.

219 2273 263 2356 (E
285 2272 361 2337 Tab.
384 2272 518 2334 Monast.
542 2271 622 2332 adid.
647 2271 855 2343 Gerasimos,
878 2272 1023 2345 Pronoea,
1047 2292 1076 2350 p.
1099 2275 1163 2350 31).

420 2702 605 2769 CCLXVII.
638 2740 671 2750 -
702 2698 908 2771 canonici
938 2700 978 2771 8.
1006 2697 1218 2792 Haurltii.

497 2912 570 2975 Siue
590 2932 684 2975 anno.
707 2932 756 2974 vri
778 2913 854 2975 Idus
878 2914 956 2976 Nov.
979 2914 1140 2978 Laterani.

133 3113 330 3195 Honorius
359 3115 403 3210 ,ΙΙ
437 3114 475 3193 P.
512 3115 558 3192 bl.
595 3114 797 3194 canonicos
833 3114 1022 3220 regulares
1063 3118 1100 3198 S.
1141 3117 1304 3198 Mauritii
1344 3117 1580 3222 agaunensis

62 3235 273 3314 coufirmat.
1394 3257 1397 3264 ’

218 3405 329 3487 (Edid.
354 3405 562 3480 Gurcauuou,
586 3406 733 3480 Ρνστιυεε,
756 3426 826 3485 pag.
851 3409 915 3486 32).

284 3833 485 3902 GOLXVIH.
517 3873 551 3884 -
579 3776 793 3903 amadeus
819 3834 882 3903 111
910 3850 1046 3903 comes
1074 3831 1357 3904 'taurinensis

588 4003 744 4073 Domus
771 4002 809 4073 S.
840 4001 1060 4075 solutoris.

487 4217 574 4292 1181,
598 4219 635 4278 23
658 4215 812 4278 Octobris.
837 4218 909 4279 Ind.
931 4237 983 4277 rx.
1008 4218 1151 4282 Taurini.

123 4417 326 4497 Amedeus
354 4443 479 4497 comas
507 4416 750 4497 Tauriuensis
779 4417 799 4495 f.
828 4418 1021 4521 quondam
1048 4418 1219 4500 Umbarti
1249 4418 1396 4498 comitis
1429 4419 1579 4499 investit

50 4535 330 4616 Vuilliermum
358 4535 507 4616 abatem
536 4537 570 4616 S.
600 4537 784 4618 Solutoris
803 4538 849 4618 de
873 4537 1051 4617 omuibus
1070 4547 1193 4630 rebus
1212 4567 1304 4642 qrras
1324 4552 1579 4618 antecessores

46 4655 102 4732 sui
133 4655 376 4734 monasterio
404 4655 589 4734 dederunt
616 4654 655 4734 in
684 4655 784 4735 locos
818 4654 1032 4744 Chovacias,
1060 4659 1097 4736 iu
1134 4659 1295 4751 Gerena
1324 4656 1370 4736 iu¹
1391 4657 1578 4744 Caruzauo,

44 4773 91 4852 ad
120 4774 275 4854 collum
318 4773 354 4853 S.
394 4773 580 4854 Johanuis
620 4786 708 4863 atc;
750 4787 787 4854 et
827 4774 1099 4854 monasterium
1140 4774 1210 4855 sub
1251 4805 1318 4856 sua
1346 4777 1576 4880 protectione

43 4893 195 4998 recipit.
227 4893 267 4972 S.
295 4892 453 4986 Amedei
482 4893 641 4991 comitis.

121 5015 282 5094 Testes:
311 5011 471 5092 Obertus
499 5039 625 5092 comes
654 5014 700 5092 de
728 5012 1007 5106 Castellamout,
1034 5014 1225 5094 Ailbertus
1263 5029 1299 5093 et
1336 5015 1494 5097 Uberius
1519 5022 1577 5115 ju·

43 5133 163 5230 dices,
195 5134 335 5212 Petrus
364 5132 410 5211 de
438 5133 575 5226 Remo,
603 5133 798 5212 lohannes
826 5133 971 5226 Badeo,
1002 5136 1132 5213 Petrus
1160 5134 1338 5239 Buginus.

119 5254 289 5334 Amicus
318 5251 482 5332 notarius
510 5251 665 5353 scripsit.

207 5423 256 5497 (El
281 5421 355 5484 rau.
380 5422 419 5482 R.
443 5422 606 5484 Oeconom.
639 5423 850 5486 Taurinansis.
878 5425 920 5486 M.
947 5425 989 5486 H.
1016 5425 1053 5486 P.
1077 5424 1186 5488 Ohart.
1210 5425 1256 5498 II,
1280 5425 1339 5486 col.
1365 5428 1448 5502 217).

123 5561 151 5602 ra
196 5557 306 5604 cna-nr,
319 5555 406 5609 mura
418 5555 517 5598 courum
533 5556 658 5598 masura.
