4198 6190
503 383 546 445 68
901 382 1096 450 noneste
1125 383 1326 450 OOMITUM
1354 383 1599 450 snssnnnlnn

1952 491 1987 500 ⁶—

1952 511 1987 519 —-

496 617 594 697 scnis
622 629 689 697 etc.
719 629 756 696 et
782 645 867 696 oum
891 623 976 716 jure
1004 633 1040 697 et
1074 619 1241 697 districto
1276 629 1391 696 strete
1418 645 1463 695 ex
1489 619 1589 698 dono
1616 617 1745 696 Karoli
1772 617 1862 719 imp.
1891 631 1988 696 ater·

497 737 601 815 mino
627 736 790 816 Lestadii
820 735 865 814 ed
893 743 1074 835 majorem
1102 737 1225 815 locum
1258 735 1396 815 montis
1416 736 1573 823 Genisii;
1592 749 1629 814 et
1648 761 1768 837 usqne
1795 736 1987 815 odientem

499 855 758 934 vercinescam.
787 853 981 934 Coniitisse
1010 855 1149 934 annulo
1177 883 1243 933 sno
1270 855 1510 934 donationem
1540 856 1676 959 signet.
1697 900 1733 910 —
1754 856 1791 932 S.
1823 853 1990 958 Hingonis

496 961 655 1075 episcopi
684 974 861 1054 Astensis.
891 975 1013 1053 Bruno
1042 974 1119 1053 vioe
1138 1001 1274 1053 comes.
1304 973 1478 1054 Robedns
1506 975 1553 1054 dc
1581 974 1790 1053 Menoiano
1819 973 1989 1053 Tehaldns

498 1092 544 1170 de
571 1091 680 1171 Serre
708 1094 814 1172 lonoe
833 1108 900 1173 etc.

654 1246 693 1324 (Ε
716 1246 755 1306 R.
778 1246 855 1307 ch.
880 1247 1075 1319 morinensi,
1100 1248 1241 1308 Albucio
1262 1249 1296 1308 cs·
1317 1249 1482 1310 Nosalene.
1501 1247 1573 1308 Fas.
1590 1247 1618 1319 1,
1640 1267 1672 1307 n.
1697 1249 1744 1306 24.
1762 1247 1885 1308 Passim
1906 1247 1988 1314 editu

572 1343 671 1404 denuo
685 1345 717 1405 iu
730 1345 776 1405 Μ.
791 1345 834 1405 H.
849 1346 887 1404 P.
903 1345 1010 1406 Ohart.
1024 1345 1052 1412 Ι,
1065 1345 1121 1406 col.
1134 1345 1204 1406 657.
1223 1345 1339 1406 (lharta
1354 1364 1416 1405 non
1432 1345 1497 1407 sins
1512 1344 1787 1424 interpolatiouum
1803 1343 1989 1422 suspicione).

573 1633 664 1700 CXC.
685 1673 733 1682 -
762 1631 996 1704 concordia
1024 1631 1135 1703 inter
1161 1635 1335 1703 Petrum
1361 1635 1382 1702 1
1408 1638 1452 1703 at
1480 1635 1682 1725 Ingenam
1709 1632 1819 1720 spis.
1848 1635 1938 1704 Ant.

1120 1833 1211 1891 Anno
1234 1873 1373 1889 .....

572 2011 703 2089 Petrus
732 2009 898 2088 marchio
925 2021 962 2089 et
988 2011 1079 2116 lngo
1106 2011 1301 2114 episcopus
1321 2009 1490 2090 Astansis
1508 2009 1707 2088 remittunt
1725 2009 1991 2087 contentionem

500 2129 546 2208 de
573 2128 608 2208 le
635 2128 746 2208 Viciu.

656 2273 786 2353 (Ohatta
806 2271 972 2350 deperdita.
995 2271 1183 2334 Memoratur
1203 2273 1236 2332 in
1257 2273 1422 2334 donatione
1443 2271 1598 2334 Ecclesiae
1618 2272 1651 2334 S.
1676 2271 1792 2333 Mariae
1813 2273 1948 2334 Astensis
1965 2273 1994 2331 ab

576 2369 721 2432 Adslaide
741 2373 771 2431 et
791 2369 910 2431 duabus
931 2368 1057 2444 Agnetis
1078 2369 1161 2431 lacta
1183 2371 1219 2429 13
1242 2369 1329 2430 Junii
1353 2372 1452 2449 1089).

821 2659 930 2728 CXCI.
967 2700 1000 2710 -
1033 2657 1224 2730 Adslala.
1250 2659 1429 2730 Honaat.
1457 2656 1679 2729 Pinarolil.

1060 2856 1147 2916 1078.
1170 2857 1283 2915 Actum
1306 2855 1447 2916 Taurini.

577 3036 756 3116 Adeleide
784 3035 982 3128 comitisse,
1010 3037 1033 3114 f.
1062 3037 1251 3139 quendem
1279 3035 1500 3140 liugnil'redi
1525 3035 1762 3128 marchionis,
1781 3037 1994 3118 monasterio
2052 3023 2053 3036 Ν

503 3157 542 3236 S.
573 3156 709 3235 Mariae
735 3155 913 3236 Pinerolii
940 3183 1005 3258 pro
1037 3156 1163 3234 anime
1199 3183 1267 3234 sus
1293 3167 1330 3233 et
1356 3153 1576 3260 Megnilredi
1610 3155 1787 3258 petiiset
1817 3157 1992 3259 quondan

504 3273 689 3353 immillee
717 3300 916 3379 germanae
944 3299 1031 3352 suos
1059 3287 1097 3350 et
1123 3302 1156 3375 q.
1186 3271 1297 3353 Ali-ici
1326 3273 1488 3376 episcopi
1509 3287 1576 3352 eto.
1600 3276 1663 3353 dut
1689 3273 1931 3354 medietatem
1959 3275 1994 3350 de

503 3392 621 3472 Portis
649 3393 820 3484 Turinus,
839 3393 1074 3486 Malemorte,
1100 3392 1239 3472 Villere
1266 3403 1303 3472 et
1329 3395 1437 3472 Peste
1465 3392 1594 3472 Gelsta
1628 3421 1747 3496 usque
1782 3394 1827 3473 ed
1862 3407 1993 3496 petron

504 3512 708 3591 Sexterem.
745 3553 793 3572 -
829 3511 867 3593 S.
897 3511 1112 3591 Adeleidae.
1151 3512 1188 3591 S.
1224 3511 1385 3591 Vellredi
1422 3513 1468 3592 de
1504 3511 1721 3602 Reconicio‚
1757 3511 1926 3592 Oddcnis
1958 3511 1994 3590 de

504 3629 656 3709 Cesellis
683 3643 747 3709 ete.

574 3748 768 3830 Johennes
797 3751 962 3831 notarius
989 3751 1145 3853 scripsit.

656 3893 880 3974 (Gu1cnnu0s,
902 3896 1052 3968 Preavec,
1075 3896 1102 3970 Ι,
1127 3915 1157 3974 p.
1183 3897 1245 3974 17).

708 4185 832 4252 CXCII.
863 4223 897 4232 —
927 4181 1230 4253 nonasterium
1256 4183 1294 4253 Β.
1324 4181 1495 4253 umenti
1524 4183 1797 4254 Salutlaruns.

960 4381 1047 4452 1078,
1070 4379 1140 4439 Iud.
1165 4399 1187 4439 1.
1212 4380 1249 4440 In
1271 4380 1338 4440 loco
1361 4379 1551 4440 Romanisio.

579 4563 734 4668 Alegide
761 4562 952 4642 comitisse
979 4564 999 4643 f.
1029 4562 1226 4642 Meinlredi
1266 4562 1493 4642 nierchionis
1530 4563 1593 4641 dat
1621 4563 1848 4643 monasterio
1874 4563 1910 4640 S.
1936 4561 1994 4638 lin·

503 4683 598 4763 sebii
626 4683 673 4760 de
700 4681 852 4762 Salutiis
886 4681 1053 4762 oleosum
1084 4709 1199 4762 linum
1236 4710 1322 4761 cnm
1356 4679 1620 4777 sediminibus,
1652 4681 1837 4761 aedificiis
1875 4695 1943 4758 eto.
1967 4678 1995 4754 in

501 4803 581 4882 loco
609 4800 783 4881 Salutius.
815 4803 922 4880 lacot
955 4829 1066 4904 prope
1102 4802 1334 4880 destructum
1371 4811 1533 4880 oestrum
1571 4799 1745 4902 praedicti
1780 4798 1862 4878 looi.
1899 4800 1993 4876 Pice·

503 4933 603 5000 terea
630 4920 744 4999 donet
771 4933 845 4999 tres
873 4920 992 5022 pecias
1021 4934 1150 5008 tarrae,
1178 4947 1272 5022 ipone
1296 4926 1424 5021 jacent
1442 4921 1479 4998 in
1499 4919 1580 4998 loco
1599 4918 1792 5015 Callonem,
1812 4931 1850 4996 et
1876 4915 1914 4997 in
1936 4939 1993 4992 nnn

500 5052 556 5120 est
591 5039 765 5120 edificata
800 5037 956 5117 ecclesio
986 5039 1024 5118 S.
1059 5039 1222 5119 Eusebii.
1255 5038 1419 5118 Traditio
1455 5040 1498 5119 fit
1534 5035 1826 5140 per'enltellum
1862 5049 1931 5114 ete.
1957 5073 1993 5090 -·

502 5159 537 5239 S.
565 5159 754 5262 Adlegide‚
783 5171 820 5236 et
846 5156 1010 5236 testium.

577 5277 808 5356 Giselbertus
837 5275 1001 5356 noterius
1030 5279 1065 5354 S.
1093 5276 1224 5356 Palatii
1252 5278 1408 5379 scripsit.

659 5429 700 5509 (E
723 5429 797 5492 Tab.
814 5431 947 5509 episcop.
965 5430 1145 5492 Salutisnsi.
1169 5431 1337 5502 Moscius,
1362 5431 1511 5492 Memorio
1532 5433 1565 5492 ni
1582 5431 1722 5502 Sulmo,
1744 5428 1804 5492 vol.
1823 5429 1852 5501 Ι,
1876 5447 1906 5505 p.
1922 5423 1991 5485 ‘llll
