4070 6186
595 361 744 432 DOMUS
770 362 1085 431 ABUNDANTIAE
1526 365 1594 429 155

97 479 185 492 —=-

97 497 185 510 —=-

93 613 166 708 ejus
193 615 340 685 aeturus
365 629 447 686 esse
474 629 540 707 pro
567 629 612 684 eo
639 601 679 684 in
706 600 974 705 spiritualibus,
1003 602 1102 683 siout
1127 579 1235 682 deest
1263 629 1328 704 pro
1356 601 1489 682 olerioo
1517 630 1594 682 suo.

95 723 246 806 Domino
271 723 417 806 Thema
442 721 580 804 uomite
607 719 852 826 praesidente.

244 877 286 960 (Ε
308 877 385 941 st.
402 877 490 960 Epis.
513 876 764 940 Mamianuensis
785 875 877 940 naid.
900 877 959 937 m.
982 875 1122 940 Bruurrr
1142 877 1172 938 et
1192 875 1380 948 Ansanux,
1404 876 1534 940 osorton
1554 877 1598 936 da

166 976 296 1038 Decea
316 977 355 1037 do
376 976 573 1050 Manem,
595 994 666 1056 pag.
689 977 753 1053 58).

544 1317 673 1387 ODXX.
702 1355 738 1365 -
765 1315 921 1388 Domus
948 1313 1140 1386 Antonio.
1258 1273 1262 1290 ⁸

682 1513 755 1578 Sine
774 1531 857 1578 suno
876 1516 907 1575 et
927 1513 1005 1577 looo.

160 1697 327 1778 Thomas
354 1696 654 1778 Mauriennensis
674 1722 801 1778 eomes
820 1697 915 1778 etin
934 1695 1043 1778 Italia
1059 1697 1229 1778 marchio
1252 1696 1409 1778 heremo
1427 1696 1600 1784 Allionis

86 1843 198 1921 qoem
227 1815 460 1926 Humbertus
485 1827 589 1920 pater
614 1823 696 1918 ejus
729 1817 967 1913 fundaverat,
997 1817 1114 1898 donat
1139 1815 1322 1920 quidquid
1349 1817 1388 1896 in
1417 1815 1499 1920 alpe
1526 1843 1603 1898 uar-

88 1935 198 2017 bonis
225 1936 272 2018 de
299 1935 413 2018 feudo
440 1963 509 2019 suo
536 1935 795 2040 acquisiverat.

243 2091 286 2163 (u
307 2089 384 2152 Tob.
408 2089 592 2154 Oarthusiaa
612 2090 744 2153 Allioni.
768 2090 977 2164 Guronrsorr,
1001 2089 1087 2152 Hist.
1112 2089 1188 2152 Gen.
1211 2089 1360 2165 Preuooe,
1382 2107 1454 2170 pag.
1477 2089 1542 2169 49).

470 2449 618 2520 CDXXI.
655 2487 702 2502 -
737 2450 928 2521 Domus
971 2448 1225 2522 Alltontu.

550 2688 558 2705 .
583 2689 591 2704 .
616 2689 623 2704 .
648 2688 656 2705 .
679 2643 753 2707 Sine
773 2664 857 2708 enno
877 2648 907 2707 st
925 2646 994 2708 looo
1014 2645 1151 2728 (1208ἳ).

161 2827 331 2908 Thomas
358 2853 484 2906 eomes
512 2827 628 2907 Maur.
656 2836 694 2907 et
720 2827 758 2907 in
785 2825 891 2907 Italia
919 2827 1087 2932 marchio
1114 2826 1242 2907 voleus
1261 2827 1307 2906 ad
1325 2827 1392 2908 Dei
1411 2827 1603 2908 servitium

82 2947 186 3052 apud
214 2946 408 3051 Albigens.
428 2945 499 3026 iter
526 2945 689 3048 incipere
716 2972 760 3026 ao
787 2945 974 3050 perficere,
999 2945 1179 3052 praeeipit
1204 2946 1279 3028 illis
1313 2946 1359 3028 de
1393 2949 1604 3053 Composta,

80 3093 128 3147 ne
157 3067 322 3147 domurn
348 3063 521 3146 Aillionis
549 3064 749 3147 molestare
776 3077 1019 3170 praesumant
1044 3093 1157 3170 super
1181 3065 1294 3170 Alpes
1320 3065 1368 3148 de
1397 3066 1605 3158 Charhone3

80 3186 118 3265 in
155 3186 328 3267 aduentu
361 3212 442 3279 suo,
476 3183 507 3265 si
540 3185 641 3266 Deus
672 3183 745 3266 sihi
778 3213 845 3290 per
878 3212 985 3266 suam
1018 3186 1179 3292 gratiam
1212 3187 1378 3268 reditum
1417 3189 1601 3281 coneedit,

78 3333 201 3410 snper
230 3331 363 3386 eorum
391 3304 670 3410 quaerimonias
697 3304 905 3385 seeundum
933 3303 1094 3386 formam
1116 3305 1212 3408 juris
1239 3317 1422 3387 statutum
1449 3307 1529 3388 erit.

156 3426 287 3528 Hujus
312 3424 366 3504 rei
393 3430 507 3504 testes
533 3435 623 3504 sunt
648 3423 847 3504 Antelmus
867 3423 914 3504 de
933 3423 1110 3523 Miolano,
1131 3425 1364 3506 Humbertus
1382 3426 1429 3505 de
1448 3424 1608 3528 Seyssel,

78 3542 202 3626 Guill.
232 3556 271 3626 et
298 3542 421 3624 Guido
448 3543 562 3623 frater
587 3549 669 3646 ejus
694 3544 742 3624 de
769 3542 913 3640 Belma,
940 3543 1086 3624 Probus
1112 3545 1269 3649 scriptor
1295 3543 1456 3642 oomitis,
1474 3545 1610 3648 Leyus

77 3663 255 3744 Jacobus
283 3662 329 3742 de
357 3664 551 3744 Convenae
577 3661 892 3744 Montis-Meliori
920 3662 1159 3744 castellanus.

252 3815 295 3898 (Ε
317 3817 393 3880 Tab.
418 3815 603 3880 Oarthusiee
625 3816 771 3892 tillonis,
795 3817 1001 3892 (inmensos,
1024 3817 1110 3881 Hor.
1137 3819 1214 3883 um.
1235 3819 1384 3894 Pronoea,
1406 3837 1475 3900 pag.
1499 3821 1563 3900 51).

419 4180 583 4251 CDXXII.
610 4219 660 4230 -
695 4180 876 4250 Domus
914 4178 1292 4252 Abundantius.

495 4375 584 4449 1208,
606 4393 711 4438 mense
731 4374 827 4456 Majo.
849 4375 943 4458 Apud
963 4377 997 4460 β.
1018 4376 1218 4442 Mauritium.

159 4559 339 4640 Thomas
366 4583 494 4640 oomes
521 4555 824 4639 Mauriennensis
851 4568 889 4637 et
914 4558 1085 4638 marohie
1113 4557 1255 4653 Italiae,
1281 4569 1432 4663 petente
1459 4558 1612 4642 Gehen-

73 4679 198 4761 nansi
232 4676 416 4782 episeopo,
442 4675 580 4758 Domui
608 4675 654 4758 de
681 4676 950 4757 Hshundantia
984 4676 1185 4758 confirmat
1218 4677 1345 4759 omnia
1371 4677 1488 4777 dona,
1517 4707 1612 4784 quae

73 4797 241 4881 domini
270 4796 317 4877 de
343 4797 516 4878 Fisterna
543 4807 580 4876 et
607 4795 753 4878 domini
780 4796 827 4878 de
854 4796 1020 4902 Lengins
1048 4795 1294 4878 contulerant.

156 4919 297 4998 Testes
315 4917 468 4997 fuerunt
485 4915 583 4996 Boso
602 4915 711 4996 miles
731 4916 778 4997 de
797 4917 966 5008 Cenoma,
984 4913 1190 4998 Wilelmns
1217 4916 1326 4996 miles
1351 4916 1399 4997 de
1425 4917 1617 5011 Oroheres,

71 5036 318 5120 castellanus
346 5035 392 5117 de
407 5033 586 5132 Chillion,
601 5035 757 5116 Pontius
776 5035 822 5116 de
840 5033 1039 5131 Lusiliaoo‚
1058 5035 1286 5117 castellanus
1306 5034 1353 5116 de
1376 5036 1566 5118 Festema.

161 5159 311 5238 Datum
337 5182 405 5258 per
430 5182 587 5236 manum
614 5153 779 5236 Mauritii
805 5154 948 5235 Notarii
968 5153 1125 5236 Comitis
1144 5169 1183 5235 et
1200 5153 1380 5237 traditum
1399 5155 1616 5238 Amaldrioo

71 5276 211 5360 Priori
245 5273 534 5356 Hahundantiae
562 5287 601 5354 et
627 5273 780 5355 Falooni
807 5273 990 5379 opererio.

260 5429 301 5513 (E
324 5427 402 5492 urb.
424 5427 505 5490 Abb.
528 5425 757 5490 Abundantius.
780 5429 992 5503 Guronunorr,
1013 5397 1083 5492 His.
1107 5429 1183 5492 Gon.
1206 5428 1355 5506 Pronoea,
1376 5449 1449 5513 pag.
1471 5431 1539 5513 50).
