4198 6190
818 381 937 449 aruo
1056 353 1082 468 J
1594 383 1638 446 49

160 515 242 519 —..-
550 513 803 519 -.-....--....-
819 513 1016 519 —..-—-—.
1099 513 1104 518 .
1193 513 1200 518 .
1229 513 1236 518 .
1254 513 1336 518 -----
1365 513 1497 518 ---—..—
1527 514 1641 521 ---

120 621 276 718 talitate‚
307 624 378 701 hoe
407 622 554 701 tumulo
582 621 793 724 quieseunt,
823 621 998 701 Cauoniai
1038 621 1381 702 Maurianenses...
1422 633 1465 700 ut
1491 623 1537 701 ab
1565 620 1639 702 illis

120 743 159 821 iu
187 741 373 822 Ecclesiae
402 755 439 820 et
466 741 583 820 divini
622 741 744 820 uultus
785 752 1062 844 augumentum
1103 739 1307 820 liberaliter
1337 752 1487 846 erogata
1521 769 1639 844 agno-

117 875 277 954 scerent,
304 863 524 964 ponendum
553 875 778 940 curaverunt
805 893 837 934 u.
1535 869 1537 874 ’

279 1032 440 1107 (cauam,
464 1032 614 1092 Memoria
644 1033 727 1092 uultu
750 1031 834 1092 Oura
856 1031 890 1092 dt
911 1031 1048 1102 Savatra,
1080 1051 1137 1092 me.
1161 1032 1194 1091 in
1216 1031 1401 1092 Taurinenai
1430 1030 1500 1092 Bib.
1531 1031 1636 1109 Regia.

199 1129 517 1199 (taenara-Souara,
552 1128 645 1190 studi
664 1130 771 1188 araur
793 1130 844 1189 aut
864 1129 995 1189 contrado
1015 1130 1049 1188 dt
1070 1129 1187 1190 Savatra
1207 1147 1223 1188 e
1248 1130 1444 1189 Marateaato
1463 1130 1497 1188 a'u
1523 1128 1635 1204 Italia,

195 1227 271 1287 Dae.
295 1227 333 1286 Β.
361 1261 391 1269 ·—
415 1225 595 1286 Boniteoius
621 1245 720 1286 eomes
740 1223 794 1286 hie
815 1231 1018 1298 memoretur,
1041 1226 1170 1287 Amadai
1191 1225 1237 1287 IV
1264 1225 1365 1298 filius5
1386 1225 1478 1298 obiit,
1500 1246 1562 1286 non
1584 1227 1636 1287 ad·

199 1323 326 1385 modum
347 1323 473 1400 grandia
494 1335 583 1396 natu,
606 1322 654 1383 die
676 1341 724 1382 vrr
749 1322 839 1383 Junii
860 1329 1040 1401 arccaxrrr).

239 1718 420 1784 CXL1.—
438 1714 577 1806 Aymo
605 1713 856 1785 Bellieenris
885 1715 1117 1801 episeopus,
1145 1701 1330 1787 Amarea
1355 1736 1455 1789 eom.
1485 1715 1515 1787 t.

474 1913 547 1974 Sina
567 1914 634 1974 loeo
654 1918 684 1973 et
699 1931 781 1974 anno
803 1913 909 1994 (Forte
923 1913 1047 1974 ineunte
1069 1932 1152 1974 anno
1176 1916 1277 1992 1050).

192 2097 311 2197 Aymo
338 2094 559 2175 Belliaeusis
587 2095 780 2199 episeopus
810 2111 945 2175 terram
974 2123 1069 2199 quae
1097 2097 1167 2176 sita
1194 2111 1250 2175 est
1277 2094 1316 2174 in
1344 2095 1526 2176 comitatu
1552 2097 1635 2177 Bel·

116 2213 260 2310 lieeusi‚
280 2229 318 2292 et
345 2242 456 2318 quam
486 2231 591 2317 pater
618 2222 698 2314 ejus
717 2216 905 2294 Amedeus
925 2215 996 2294 sub
1016 2216 1170 2294 nomiae
1191 2216 1412 2319 praestariae
1435 2214 1632 2314 habuerat,
1702 2237 1706 2244 ·

114 2332 295 2412 eeclesiae
322 2335 357 2412 S.
384 2333 572 2413 Johannis
600 2333 783 2436 Baptistae
810 2333 1030 2415 Bellicensis
1059 2333 1214 2414 dimisit.

272 2504 315 2583 (Ε
336 2503 447 2565 notula
467 2504 664 2577 Saarauoar,
687 2505 781 2566 sicuti
801 2505 835 2566 in
856 2526 889 2565 n.
913 2503 1040 2585 OXIV).

309 2894 437 2961 CXLII.
467 2935 515 2944 -
542 2892 680 2983 Aymo
709 2892 902 2965 umberti
929 2896 950 2963 1
976 2889 1005 2961 t.
1034 2892 1133 2980 opis.
1163 2892 1430 2964 sedunensia.

832 3089 919 3148 1050.

188 3269 264 3348 Leo
296 3269 346 3347 IX
380 3270 420 3347 P.
449 3271 497 3346 M.
533 3267 793 3348 immunitates
834 3281 871 3347 et
911 3266 1105 3372 privilegia
1139 3267 1358 3348 monasterii
1395 3270 1429 3349 S.
1465 3269 1630 3351 Mauritii

109 3389 321 3478 confirmat,
350 3392 558 3470 astantibus
585 3391 695 3469 Petro
715 3389 977 3468 archidiacono
998 3404 1035 3469 et
1056 3389 1238 3492 episeopis
1266 3391 1460 3472 Allinardo
1480 3391 1631 3495 Lugdu·

111 3507 241 3602 aeusi,
275 3510 435 3613 Hugone
466 3509 698 3589 Visontieusi
726 3524 763 3588 et
796 3509 995 3588 Frederiao
1028 3509 1240 3590 Geneveusi
1278 3527 1315 3590 et
1347 3510 1527 3594 aimone,
1564 3512 1627 3613 qui

111 3655 213 3706 nunc
241 3629 453 3708 Seduneusi
482 3645 628 3733 praeest
655 3627 844 3708 eeclesiae.

270 3799 312 3878 (E
336 3798 445 3860 (thart.
478 3801 511 3863 S.
545 3799 684 3862 Mauritii
716 3802 837 3878 Agaun.
869 3801 950 3880 quod
980 3801 1013 3861 in
1046 3800 1085 3861 R.
1119 3799 1195 3862 aab.
1229 3800 1415 3863 Taurinenai
1436 3801 1626 3863 adservatur.

192 3899 239 3958 M.
262 3898 307 3958 H.
331 3898 370 3957 Ρ.
394 3897 501 3959 Chert.
526 3898 577 3970 11,
601 3899 659 3959 eol.
685 3901 771 3978 148).

188 5579 199 5620 t
238 5581 339 5628 Carum.
354 5581 438 5635 Κορσεία
452 5583 550 5624 comitum
566 5583 690 5625 a'rrtarutr'ua.
