4050 6188
424 253 493 317 206
827 251 1025 321 REGESTA
1052 254 1254 322 cotttTtJM
1284 255 1530 322 statumen

424 517 657 598 bertolotum
674 515 870 622 Arpinum,
890 519 1065 598 Ottonem
1087 515 1306 612 Gibuinum,
1324 520 1476 600 Petrum
1497 519 1674 600 Alexium
1689 521 1803 601 etlo.v
1818 519 1911 601 Silon

424 636 714 718 ambasciatores
741 635 953 716 eommunis
982 635 1145 716 Taurini.

498 755 758 836 Remittuntur
784 755 943 835 invicem
972 755 1168 858 quaerelae
1195 769 1234 836 et
1259 755 1397 837 damna
1416 769 1492 836 tam
1519 757 1558 838 in
1588 757 1733 861 Ripulis
1761 787 1863 861 quam
1885 760 1912 837 in

425 874 507 956 aliis
534 875 637 968 locis,
657 874 758 954 salva
785 873 974 962 fidelitate,
1001 901 1115 977 quarn
1143 876 1354 956 Commune
1372 889 1411 956 et
1428 875 1603 957 homines
1630 877 1783 957 Taurini
1810 879 1914 958 comiti

423 993 574 1074 debent.
602 991 845 1073 Definiuntur
866 999 955 1094 jura
981 1021 1092 1095 supra
1119 993 1338 1099 Collegium.
1366 995 1570 1099 Episcopus
1597 995 1734 1076 debeat
1759 995 1912 1076 remitam

426 1113 604 1194 investire
632 1113 677 1192 de
706 1112 871 1192 Caburro
898 1124 936 1190 et
962 1111 1110 1192 Lanceo
1137 1118 1291 1194 nomine
1310 1113 1463 1220 gentilis
1490 1128 1528 1194 et
1553 1115 1661 1195 liberi
1680 1115 1796 1208 leudi,
1822 1116 1915 1195 etsie

425 1235 471 1313 de
498 1232 780 1313 Montebreono.
809 1229 1009 1312 Castellani
1036 1233 1083 1312 de
1110 1233 1342 1314 Pedemonte
1369 1235 1589 1340 homagium
1625 1235 1753 1316 comiti
1782 1236 1915 1314 reddant
1991 1229 1992 1294 l

424 1381 510 1432 cum
538 1352 647 1432 solita
674 1351 858 1432 libertate.
889 1350 947 1429 hd
976 1349 1205 1431 dirimendas
1221 1350 1306 1431 lites
1324 1380 1434 1457 supra
1452 1353 1707 1442 Pineirolium,
1726 1382 1811 1433 xxm
1824 1358 1915 1455 jurati

424 1469 637 1552 discernant
664 1497 757 1573 quae
784 1469 859 1548 sint
881 1475 967 1572 jura
994 1469 1161 1565 comitis,
1189 1473 1349 1572 exceptis
1384 1470 1510 1550 banno
1537 1473 1826 1566 Sconzonariae,
1842 1501 1916 1560 ‚suc-

424 1591 592 1671 cessione
629 1589 778 1669 illorum
814 1587 877 1691 qui
915 1589 1104 1669 decedunt
1136 1588 1217 1670 sine
1251 1602 1488 1686 testamento,
1516 1591 1547 1670 si
1576 1592 1734 1672 heredes
1761 1591 1917 1676 habeant..

423 1710 529 1790 fodro
557 1721 595 1789 et
620 1707 754 1815 regali,
784 1709 854 1786 nisi
889 1706 1090 1810 imperator
1125 1707 1219 1788 illud
1248 1707 1283 1788 ei
1316 1709 1432 1788 daret.
1466 1709 1741 1792 Pinarolieuses
1774 1711 1919 1790 debeant

423 1830 542 1910 facere
570 1827 698 1910 comiti
726 1825 928 1908 exercitum
964 1839 1001 1906 et
1035 1826 1260 1906 cavalcatam
1296 1827 1386 1907 citra
1421 1839 1589 1922 montes,
1624 1829 1919 1932 quotiescumque
1992 1837 1993 1914 l

424 1947 592 2052 requisiti
620 1947 771 2028 luerint.
800 1948 934 2024 Comes
963 1957 1136 2026 teneatur
1162 1947 1249 2026 dare
1276 1945 1314 2026 in
1342 1947 1481 2028 auxilio
1510 1949 1812 2036 Taurinensium‚
1842 1975 1919 2050 quo·

424 2067 660 2178 tieseumque
687 2065 800 2145 fuam
826 2063 1038 2166 requisitus,
1055 2093 1102 2143 cx
1121 2064 1260 2144 milites
1286 2065 1384 2145 bene
1405 2066 1573 2145 munitos
1591 2068 1698 2170 equis
1726 2095 1793 2170 per
1818 2095 1919 2146 unum

424 2213 615 2276 mensem3
635 2199 672 2264 et
690 2184 891 2265 emendare
911 2183 1045 2263 debeat
1065 2185 1239 2264 dominos
1259 2187 1306 2264 de
1325 2185 1499 2266 Plozasco
1518 2199 1556 2264 et
1576 2187 1622 2265 de
1642 2185 1808 2266 Caburro
1828 2189 1870 2282 de
1886 2214 1920 2264 eo

423 2307 524 2408 quod
551 2305 743 2385 habebant
769 2305 807 2383 in
834 2301 1014 2406 superiori
1042 2316 1163 2382 castro
1190 2302 1357 2396 tahani,
1386 2305 1593 2384 secundum
1620 2304 1818 2386 arbitrium
1837 2333 1920 2384 mar·

424 2422 571 2505 chionis
598 2421 838 2504 Salutiarum.

496 2545 624 2625 Bonus
649 2543 816 2623 loannes
843 2541 964 2622 dictus
993 2540 1040 2620 de
1069 2543 1278 2622 Marentino
1301 2554 1455 2646 vrogatus
1483 2543 1713 2648 subscripsit.

579 2695 622 2776 (Ε
643 2695 682 2756 R.
699 2694 776 2756 Tab.
794 2693 992 2757 Taurinensi.
1017 2694 1142 2766 Tordan,
1164 2694 1253 2770 atta,
1276 2713 1318 2754 m.
1335 2695 1363 2770 1,
1385 2714 1419 2756 n.
1436 2697 1465 2756 4.
1487 2693 1662 2766 crassam,
1686 2695 1795 2760 stata
1817 2698 1852 2756 dt
1873 2697 1919 2756 To

500 2793 582 2868 rino,
605 2795 634 2866 1,
657 2811 728 2873 pag.
752 2793 835 2871 506).

826 3137 939 3208 DLXI.
970 3175 1006 3185 -
1034 3136 1363 3206 lustramentum
1396 3134 1528 3222 paors.

971 3332 1058 3404 1285,
1082 3331 1120 3390 19
1140 3331 1171 3392 d.
1194 3329 1385 3392 Novembris.

503 3553 517 3588 o
546 3516 741 3610 Ouoddam
769 3515 1062 3594 instrumentum
1093 3514 1191 3614 pacis
1215 3526 1252 3591 et
1279 3513 1595 3594 confederationis
1622 3517 1808 3596 factarum
1839 3518 1922 3596 inter

284 3631 285 3636 Ν
418 3638 626 3720 Dominum
656 3636 866 3716 Amedeum
895 3633 1072 3714 comitem
1101 3633 1312 3713 Sabaudiae
1332 3647 1369 3713 et
1386 3662 1474 3714 suos
1501 3635 1760 3716 confederatos
1788 3636 1921 3716 ibidem

419 3757 632 3838 nominatos
659 3783 704 3835 er
730 3777 806 3835 una
832 3767 945 3856 parte,
964 3765 1001 3832 et
1027 3752 1226 3832 dominum
1254 3753 1467 3856 episcopum
1491 3753 1765 3836 Taurinensem
1790 3769 1829 3836 et
1847 3781 1921 3834 suos

420 3876 688 3974 confederatus,
717 3874 878 3968 exalia,
905 3884 1094 3973 receptum
1123 3870 1194 3950 snb
1228 3898 1327 3950 anno
1354 3871 1506 3951 Domini
1539 3872 1636 3952 mill·
1662 3873 1827 3954 Ducent⁰
1853 3873 1923 3954 Tri-

420 3999 565 4102 gesimo
592 3995 735 4098 quinto,
764 3993 825 4072 die
852 3991 1049 4071 domenico
1075 4019 1134 4069 rrv
1160 3989 1230 4068 tat.
1248 3990 1478 4070 decembris:
1507 3992 1607 4094 quod
1635 3991 1922 4074 instrumentum

419 4126 476 4194 cst
503 4114 678 4192 obrosum
706 4113 759 4191 sic
783 4112 884 4214 quod
912 4138 987 4189 non
1016 4119 1137 4211 potest
1163 4108 1251 4212 legi3
1280 4120 1317 4188 et
1343 4109 1530 4213 signatum
1555 4110 1602 4190 de
1630 4111 1719 4192 loris
1738 4141 1807 4215 per
1824 4141 1888 4192 mx.
1905 4145 1918 4178 o

582 4267 624 4348 (ll
646 4265 685 4327 R.
708 4265 786 4327 Tab.
810 4262 1011 4334 Taurinensi,
1037 4262 1184 4323 Cortorio
1204 4281 1237 4322 n.
1261 4265 1328 4335 221,
1350 4261 1405 4322 fol.
1427 4263 1496 4323 226.
1519 4263 1726 4344 Transcripsit
1754 4266 1924 4327 Parurrrua

501 4364 703 4426 Saaaenuus.
727 4363 766 4425 V.
789 4362 868 4424 Doc.
892 4360 1006 4437 DLX).

768 4704 901 4770 DLXtI.
933 4742 965 4751 -
996 4697 1137 4774 cessio
1166 4699 1299 4772 castri
1326 4697 1585 4790 stipularum.

857 4899 945 4972 1235,
970 4899 1006 4958 19
1028 4898 1058 4960 (1.
1083 4897 1161 4958 Nor.
1186 4897 1257 4958 Ind.
1281 4914 1329 4956 rx.
1354 4895 1493 4959 Taurini.

493 5086 682 5166 Amedeus
710 5110 836 5164 comes
864 5081 1075 5161 Sabaudiae
1109 5092 1147 5159 et
1172 5079 1335 5160 Thomas
1369 5085 1449 5179 ejus
1485 5077 1612 5174 frater,
1639 5079 1677 5158 in
1707 5079 1819 5183 plena
1846 5108 1922 5159 con·

418 5207 525 5287 cione
544 5206 572 5283 T
575 5203 775 5296 aorinensi,
792 5204 959 5282 lecerunt
976 5227 1105 5304 pacem
1125 5211 1162 5278 et
1180 5197 1438 5277 omnimodam
1458 5196 1736 5278 absolutionem
1756 5196 1921 5307 Ugottoni

416 5325 590 5430 episcopo
618 5322 839 5405 Taurinensi
867 5334 904 5402 et
930 5319 1093 5400 Roberto
1123 5318 1168 5398 de
1197 5316 1408 5418 Gujolardis
1428 5316 1646 5398 Taurinensi
1677 5333 1860 5423 potestate
1884 5317 1922 5397 de
