4070 6186
869 317 1065 411 transm
1098 343 1300 411 cor-irruis
1329 343 1573 412 statueris

468 457 908 468 *na—*m--m—-m
921 459 923 464 .
937 459 959 464 .-
985 458 1024 464 ....
1056 458 1075 462 -
1631 455 1922 462 —.-......------
1945 456 1951 461 .

585 796 663 861 Oct.
695 833 740 843 -
769 792 947 864 nonant.
977 794 1037 865 Sa.
1066 794 1286 878 solutoris,
1314 793 1571 865 Adventoris
1599 793 1650 865 ed
1677 793 1861 866 octavii.

912 993 999 1068 1080,
1022 995 1040 1050 8
1062 990 1180 1055 Martii.
1203 989 1273 1051 Ind.
1300 1009 1352 1062 ιιι,
1376 987 1519 1051 Taurini.

535 1189 738 1295 Adaiegida
764 1188 824 1269 dei
854 1203 946 1268 nutu
966 1189 1158 1270 comitissa
1177 1189 1200 1268 i.
1219 1220 1254 1293 q.
1276 1189 1458 1269 Manfredi
1485 1189 1724 1282 urarchionis,
1743 1189 1825 1294 lege
1850 1189 1956 1268 vivens

459 1309 570 1390 salica
597 1337 642 1388 ex
670 1309 820 1388 natione
846 1335 924 1402 sna,
955 1307 1183 1388 monasterio
1211 1309 1266 1387 Ss.
1295 1308 1489 1404 Solutoris,
1520 1308 1742 1388 adventoris
1770 1321 1815 1386 et.
1835 1309 1955 1388 Octavii

461 1428 520 1508 cui
555 1439 700 1531 praeest
730 1425 889 1506 Obertns
917 1425 1049 1512 abbas,
1085 1454 1148 1528 pro
1178 1432 1349 1506 mercede
1384 1455 1416 1528 q.
1445 1426 1628 1506 Manfredi
1649 1424 1908 1522 marchionis,
1932 1456 1957 1528 q.

461 1549 592 1628 Bertae
626 1545 860 1638 comitissae,
894 1546 1007 1648 patris
1039 1559 1075 1624 et
1107 1546 1238 1626 matris
1268 1573 1374 1638 suae,
1403 1561 1439 1624 et
1470 1575 1503 1648 q.
1540 1545 1637 1626 Petri
1672 1544 1900 1624 marchionis
1929 1559 1957 1620 et
2024 1615 2025 1618 ,

461 1667 650 1768 qinondam
679 1665 836 1746 Amedei
864 1663 1011 1746 comitis
1031 1665 1100 1745 filii
1128 1665 1199 1758 sui,
1218 1665 1335 1746 donat
1361 1663 1605 1744 medietatem
1630 1665 1677 1744 de
1704 1679 1807 1743 corte
1836 1664 1958 1766 Calpir.

460 1785 623 1866 Traditio
651 1787 695 1866 fit
726 1814 793 1888 per
827 1784 1042 1874 cultellum,
1070 1796 1138 1863 etc.
1174 1785 1209 1864 S.
1244 1782 1470 1888 Adelegidae
1496 1783 1720 1864 comitissae.
1760 1785 1797 1863 S.
1821 1783 1956 1862 Domini

464 1904 650 1985 Frederici
679 1903 844 1998 comitis3
872 1903 1023 2008 Henrici
1052 1916 1089 1983 et
1115 1904 1291 1993 Amedei,
1318 1915 1356 1982 et
1382 1902 1556 1984 aliorum.

541 2025 615 2104 Leo
644 2024 706 2126 qui
734 2038 885 2104 vocatur
911 2025 1047 2112 Bonus,
1077 2023 1242 2103 notarius
1270 2023 1304 2103 S.
1333 2022 1464 2102 Palatii
1492 2021 1650 2126 scripsit.

622 2195 662 2273 (Ε
686 2194 724 2256 R.
748 2195 825 2256 Tab.
849 2194 1035 2256 Taurinensi
1057 2193 1265 2256 Gmcvrsuou.
1288 2194 1424 2255 stauros
1445 2212 1515 2272 pag.
1538 2193 1602 2271 21).

743 2605 842 2673 uult.
870 2644 919 2654 -
947 2603 1138 2674 Ecclesia
1165 2604 1204 2674 S.
1233 2601 1397 2674 Mariae
1425 2600 1697 2674 Bonustensis.

587 2804 673 2871 lusu,
698 2803 734 2858 10
756 2798 871 2860 Martii.
894 2798 964 2860 Iud.
990 2818 1041 2858 ιιι.
1066 2799 1206 2873 Taurini,
1230 2800 1263 2859 in
1285 2803 1384 2862 oestro
1405 2817 1496 2876 sopire
1519 2802 1640 2876 portam
1662 2799 1856 2860 Seeusinam.

539 2996 741 3099 Adategitla
755 2992 944 3074 comitissa
963 2993 986 3073 f.
1006 3023 1038 3096 q.
1060 2993 1281 3096 Magint'redi
1302 2993 1532 3074 marchionis
1552 3021 1617 3098 pro
1637 2993 1806 3074 remedio
1825 2994 1961 3076 animae
2022 3081 2025 3108 4

464 3143 553 3196 suae
580 3129 617 3195 et
643 3113 864 3219 Maginiredi
894 3113 1122 3194 marchionis
1151 3124 1190 3192 et
1214 3115 1345 3193 Bertae
1367 3112 1579 3193 comitissae
1602 3125 1669 3193 etc.
1697 3142 1763 3217 per
1789 3113 1961 3194 croculam

465 3263 577 3338 quam
598 3261 665 3313 sua
694 3244 795 3312 tenet
814 3259 941 3328 manu,
962 3233 1026 3311 viat
1044 3232 1302 3312 investituram
1331 3231 1532 3313 senonicae
1558 3235 1593 3313 S.
1614 3234 1750 3313 Mariae
1777 3233 1874 3314 inira
1893 3233 1963 3312 civi·

465 3365 578 3432 tatem
614 3352 802 3442 Secusiae‚
836 3378 899 3454 per
932 3379 1087 3430 manum
1115 3351 1322 3431 Constantii
1360 3351 1583 3454 presbyteri,
1620 3352 1666 3432 de
1693 3351 1798 3432 omni
1831 3351 1962 3431 decima

350 3475 357 3488 '
464 3470 621 3552 civitatis
653 3484 692 3551 et
724 3470 910 3552 territorio
950 3471 1147 3560 Secusiae‚
1174 3469 1220 3549 de
1250 3469 1328 3549 vico
1362 3469 1477 3564 Sille,
1506 3470 1552 3549 de
1588 3471 1667 3550 vico
1701 3469 1861 3566 Marino,
1890 3496 1962 3550 curn
2024 3539 2025 3544 ,

464 3591 641 3672 omnibns
668 3589 849 3676 ecclesiis,
878 3591 987 3669 etde
1015 3588 1170 3670 ecclesia
1200 3590 1235 3668 S.
1264 3587 1446 3669 Desiderii
1475 3618 1560 3668 cum
1590 3590 1739 3670 duobus
1767 3591 1916 3670 mansis.
1935 3637 1962 3646 -
2024 3603 2025 3608 ’

465 3710 499 3790 8.
530 3709 759 3816 Adalegidae
787 3709 1008 3790 comitissae.

540 3831 660 3931 Hujus
688 3828 740 3909 rei
770 3839 883 3908 testes
910 3829 1062 3908 suerunt
1089 3827 1265 3908 dominus
1293 3829 1436 3908 Erenzo
1465 3827 1542 3908 vice
1570 3856 1696 3908 comes
1721 3827 1962 3918 Taurinensis
2024 3817 2025 3838 ³

464 3949 641 4030 dominus
675 3950 847 4054 Paganus
883 3946 962 4028 vice
996 3974 1123 4026 comes
1159 3947 1407 4044 Auri-atensis
1444 3947 1620 4027 dominus
1656 3947 1823 4028 Masiniss
1860 3947 1963 4028 abbas

463 4067 697 4157 Coronensis,
708 4066 867 4146 Anricus
882 4069 928 4146 de
943 4065 1089 4146 civitate
1105 4067 1251 4170 Papiae,
1267 4080 1305 4148 et
1318 4067 1586 4149 Constantinus
1597 4066 1963 4149 CastaldioSecusiae.

538 4185 796 4288 Aideprandns
824 4185 885 4288 qui
908 4185 1014 4265 Bello
1042 4201 1203 4282 vocatur,
1233 4187 1399 4267 notarios
1426 4189 1461 4267 S.
1490 4187 1624 4268 Palatii
1651 4189 1806 4292 scripsit.

624 4355 837 4439 (chartarium
860 4357 1012 4432 Uleianse,
1037 4357 1113 4421 Doc.
1136 4361 1186 4432 94,
1210 4377 1240 4436 p.
1264 4361 1327 4438 92).

655 4753 769 4820 CCIII.
797 4789 848 4800 -
875 4746 1118 4820 rrtdorlous
1144 4745 1194 4819 vlo
1221 4693 1557 4818 Monimou-ruo
1584 4745 1784 4819 marchio.

1089 4944 1177 5012 roso,
1202 4942 1342 5005 reunsi.
2024 5015 2025 5032 .

2024 5049 2025 5088 i

448 5167 458 5192 ο
538 5126 796 5207 Controversia
825 5124 924 5204 inter
950 5124 1276 5206 Fructueriensem
1304 5137 1341 5203 et
1367 5124 1635 5206 Divionensem
1662 5124 1834 5206 abbatem
1866 5149 1965 5226 super

460 5247 488 5328 F
490 5245 746 5326 ructuariense
774 5243 1043 5325 monasterium
1062 5245 1310 5347 componitur,
1329 5272 1515 5324 consensu
1534 5257 1571 5324 et
1589 5271 1744 5325 assensu
1764 5238 1962 5326 Hermanni
2024 5251 2025 5284 ¹

462 5365 497 5446 S.
517 5366 557 5444 R.
578 5367 615 5445 E.
644 5363 856 5459 cardinalis,
885 5363 1055 5467 Hugcnis
1083 5363 1243 5466 episcopi
1270 5363 1472 5458 Dioecesis,
1499 5375 1611 5468 atque
1637 5361 1963 5444 intervenientibus
