4198 6190
782 377 938 446 OBITUS
1576 376 1620 440 47

100 625 201 729 gavit
227 651 354 703 comes
383 622 573 704 amedeus
595 621 734 701 multos
755 619 901 701 nobiles
921 619 1060 700 electos
1080 632 1117 699 et
1135 619 1239 700 venit
1259 619 1302 698 ad
1324 620 1625 722 imperatorem...

102 745 148 823 Et
175 743 278 822 stetit
304 743 506 846 imperator
534 770 598 846 per
625 751 744 822 totam
772 765 908 843 yemen
938 740 975 818 in
1005 739 1153 819 civitate
1180 737 1400 819 Veronensi.
1421 740 1622 818 Transaoto

102 863 238 967 frigore
266 859 447 964 equitavit
473 860 675 964 imperator
708 873 746 940 ct
778 859 882 939 venit
915 861 1074 939 Romam
1104 857 1149 938 ad
1178 885 1372 938 summum
1402 856 1618 962 pontificem

99 1010 278 1062 coronam
307 980 525 1084 capiendam
554 1008 639 1060 com
669 979 801 1084 grandi
829 977 1020 1068 comitiva,
1046 1005 1173 1059 secum
1201 1004 1352 1081 semper
1379 978 1520 1057 ducens
1547 978 1619 1056 Co·

99 1101 232 1181 nritcm
260 1101 495 1190 Amedeum,
523 1100 585 1202 qni
624 1127 754 1179 secum
784 1098 924 1178 mansit
951 1098 1071 1178 mnlto
1099 1110 1327 1202 tempore...
1360 1099 1406 1177 Et
1442 1094 1621 1176 cumdio

97 1219 265 1325 degisset
292 1218 330 1299 in
358 1219 481 1310 Curia,
508 1216 673 1299 obtinuit
699 1215 897 1297 licenciam
925 1215 1118 1296 remeandi
1146 1217 1192 1296 ad
1220 1214 1375 1319 propria,
1402 1227 1440 1295 et
1459 1213 1562 1295 venit
1581 1214 1619 1294 in

99 1339 265 1418 Secusia.
294 1338 439 1418 Ibidem
467 1337 570 1418 stetit
597 1337 727 1417 mnltis
753 1336 896 1416 diebus.
926 1339 971 1415 Et
998 1335 1043 1414 de
1072 1335 1224 1415 Secnsia
1260 1333 1363 1414 venit
1401 1334 1438 1414 in
1467 1335 1617 1414 civitate

100 1458 307 1537 Morianne.
325 1517 356 1534 ..
377 1489 394 1524 a
1431 1452 1435 1460 ’

264 1637 377 1717 (Frog.
407 1637 525 1699 Ghron.
556 1637 627 1699 Lat.
657 1637 689 1697 in
718 1637 756 1696 R.
788 1635 865 1696 rab.
901 1635 1087 1697 Taurinensi
1117 1636 1322 1696 adservatum.
1356 1633 1556 1694 Miscelloaco
1587 1632 1621 1690 dt

185 1735 291 1796 Storto
310 1735 370 1808 It,
392 1734 481 1796 Tem.
505 1734 616 1808 XXII,
639 1755 711 1813 pag.
734 1735 803 1794 307.
827 1733 956 1795 Mirifice
983 1733 1018 1795 ds
1037 1733 1097 1795 hoc
1118 1732 1225 1794 itinere
1247 1735 1276 1792 et
1297 1730 1478 1810 cognomina
1500 1727 1623 1791 Gaudeo

177 1832 309 1902 Amadeo
329 1832 346 1892 1
367 1832 439 1892 dato
460 1832 642 1894 fabulantur
657 1831 830 1894 Accienses
854 1831 1042 1908 Otrontqrces
1061 1831 1172 1907 gallice
1192 1832 1330 1902 exarata,
1353 1829 1477 1890 ineunte
1500 1825 1622 1887 saeculo

181 1947 239 1999 xv,
263 1928 489 1991 cortenniaco.
516 1929 738 2006 Fragmentum
759 1926 875 1990 Obron.
901 1927 986 2000 Lat,
1013 1927 1217 1988 Emmanuela
1241 1926 1376 1987 Bollatio
1401 1944 1431 1986 v.
1459 1943 1485 1984 c.
1509 1922 1621 1993 iudice,

179 2027 330 2104 scriptum
352 2025 469 2088 videtur
490 2027 614 2086 saeculo
638 2026 755 2087 decimo
777 2029 888 2104 quarto
895 2051 903 2096 ;
926 2024 1072 2102 quocirca
1093 2025 1231 2086 omnium
1254 2022 1481 2086 chronicorum
1502 2022 1620 2082 nostra·

179 2125 261 2184 tium
281 2122 526 2185 vetustissimum
548 2122 725 2184 habendum
747 2128 819 2200 est).

443 2532 599 2600 CXXXV.
628 2571 678 2580 -
704 2528 842 2619 Aymo
876 2527 1115 2599 Barchon-di
1149 2525 1280 2598 silius.

697 2744 770 2806 Sine
791 2745 857 2805 loco
879 2750 908 2802 et
929 2763 1022 2803 anno.

174 2951 304 3050 bpmo'
322 2947 547 3026 constitutus
576 2945 614 3023 in
642 2949 718 3024 fine
749 2945 865 3022 dnbio
901 2941 1045 3044 aliquid
1074 2969 1118 3018 en
1146 2939 1354 3018 hereditate
1389 2965 1456 3016 sna
1487 2936 1616 3038 adjicit

94 3069 241 3171 priscae
269 3065 525 3147 helemosinae
552 3090 667 3166 qnam
695 3063 842 3168 genitor
868 3068 961 3163 ejus,
988 3060 1141 3139 dederat
1168 3060 1204 3140 S.
1223 3057 1384 3138 Genesio
1412 3070 1450 3136 et
1476 3060 1513 3138 S.
1540 3057 1614 3136 An-

96 3188 214 3266 dreae
231 3183 450 3274 Viennensi,
470 3182 535 3262 obi
555 3181 702 3286 genitor
722 3181 934 3284 requiescit,
954 3192 992 3258 et
1011 3179 1081 3260 hoo
1102 3207 1169 3282 pro
1188 3177 1448 3281 redemptione
1471 3175 1619 3256 animae

92 3333 203 3394 snae,
231 3303 441 3410 genitricis,
479 3301 620 3381 Odonis
661 3302 822 3404 episcopi
855 3313 893 3380 et
926 3299 1098 3379 Aimonis
1130 3297 1297 3394 comitis,
1331 3309 1617 3399 oeterorumque

93 3425 464 3530 consanguineorum
491 3448 658 3500 suornm.
686 3423 915 3525 Quapropter
946 3419 1063 3498 donat
1089 3431 1164 3498 tres
1192 3445 1355 3508 mansos,
1383 3414 1512 3496 villam
1538 3415 1621 3494 Fal·

92 3545 250 3638 zininm‚
277 3554 315 3622 et
341 3545 488 3622 Sortem
515 3540 554 3618 in
584 3540 676 3620 silva
706 3568 802 3644 quae
837 3551 989 3618 vocator
1014 3538 1170 3630 Eraria,
1198 3548 1241 3619 nt
1275 3537 1505 3617 habitatores
1531 3534 1621 3616 ral-

93 3663 183 3744 zinii
222 3675 260 3742 et
291 3663 327 3742 8.
362 3661 513 3742 Genesii
551 3662 681 3740 eadem
709 3659 803 3740 silva
830 3660 1010 3739 fruantur.
1040 3705 1076 3714 —
1117 3661 1152 3738 S.
1181 3655 1368 3748 dimonis,
1397 3658 1433 3737 S.
1460 3653 1619 3736 Huberti

92 3781 257 3873 comitis,
286 3783 321 3862 S.
350 3781 503 3862 Amedet
532 3781 690 3870 comitis,
719 3781 755 3860 S.
782 3778 954 3860 Aimonis
974 3776 1208 3857 Sedonensis
1236 3777 1408 3880 episcopi.
1435 3779 1514 3880 Ego
1540 3775 1620 3856 Odo

94 3901 270 4015 marchio
298 3901 494 4006 recognovi
524 3913 561 3981 et
587 3899 747 3980 laudavi.

258 4073 311 4148 (U.
337 4071 545 4144 Grrnvannrn,
571 4072 749 4134 Uortoloirc
770 4071 807 4130 de
830 4070 990 4131 St·Andrc'
1012 4071 1038 4130 le
1061 4071 1140 4140 Bos,
1162 4087 1234 4148 pag.
1259 4071 1316 4130 156
1336 4087 1351 4128 e
1373 4069 1456 4146 212).

405 4483 580 4549 CXXXVI.
609 4521 655 4531 —
683 4480 835 4552 obitus
863 4481 1055 4555 Umberti
1084 4485 1104 4552 1
1133 4479 1317 4552 comitis.

741 4695 829 4766 1048,
855 4697 869 4753 1
893 4695 984 4755 tulii.

179 4923 196 4959 c
226 4888 328 4969 Obiit
359 4891 514 4990 Upertns
541 4891 686 4970 amicus
717 4904 844 4970 noster
874 4928 905 4966 r.

257 5058 500 5139 (Nacrologium
535 5060 670 5122 Monast.
704 5061 740 5122 da
772 5061 962 5133 Talavsriis‚
994 5063 1026 5122 in
1055 5080 1161 5122 museo
1200 5062 1387 5123 Britannico
1412 5061 1620 5124 adservatum.

178 5154 361 5216 Additiones
381 5155 440 5216 Mo.
465 5161 513 5226 22,
538 5159 608 5228 495,
631 5161 717 5220 Neres
741 5161 861 5220 Aratio
882 5161 938 5220 der
964 5159 1165 5238 Geaellactoff
1175 5161 1239 5239 sttr
1259 5160 1361 5220 dltero
1382 5159 1541 5220 demanare
1567 5159 1623 5219 (ic-

175 5253 657 5408 rpppicigtaicrrpdpXHanovoriae,
692 5257 781 5316 Tom.
816 5257 874 5316 XI.
909 5259 1024 5334 Sarra,
1055 5257 1080 5318 I
1092 5257 1192 5333 primi
1213 5258 1295 5317 conti
1326 5256 1361 5316 dt
1383 5255 1510 5326 Saenia,
1528 5273 1565 5332 p.
1593 5261 1621 5315 7.

221 5393 227 5406 .
285 5370 330 5408 cc.
386 5350 519 5424 XIX).
