4070 6186
633 369 865 438 narunuuo
893 321 1055 438 aaaron
1528 375 1598 438 125

159 609 286 687 Testes
313 607 464 686 fuerunt
483 609 709 690 Wacharius
736 609 783 688 de
810 608 1003 707 Blouiaco,
1022 609 1230 689 Witelmus
1257 609 1303 689 de
1332 609 1513 704 Fisterna,
1541 609 1601 690 Gi-

93 727 213 807 roldus
241 727 288 807 de
313 726 409 819 Bais,
437 727 532 808 Vido
560 727 606 807 de
633 727 792 832 Alingio
821 730 915 808 Boso
944 729 1150 808 vicecomes
1179 730 1225 809 de
1252 731 1419 833 Augusta
1438 729 1600 821 civitate,

92 845 196 926 Falco
224 847 271 926 da
298 845 471 943 connisa,
508 847 588 952 Ugo
617 848 663 925 de
693 847 800 940 Bam,
826 847 987 927 Ponaius
1014 848 1061 927 de
1089 847 1287 945 Conflam,
1313 849 1528 954 Enguirano
1554 848 1600 927 da

93 963 235 1044 Eviano.
256 965 449 1068 Regnante
478 966 703 1066 Imperatore
732 965 940 1045 Fredarico.

115 1205 116 1208 Ἴ
243 1119 285 1200 (Ε
309 1117 385 1179 Tab.
408 1120 495 1181 Eool.
518 1118 746 1182 Abundantiaa.
770 1119 977 1194 Guronuuorr,
1001 1121 1148 1194 Praucaa,
1172 1140 1242 1199 pag.
1266 1124 1330 1199 42).

409 1389 410 1392 ¹
515 1389 698 1482 cocxnli.
729 1451 764 1462 —
792 1413 948 1482 Domus
973 1409 1169 1481 Anionis.

674 1605 746 1668 Sine
768 1605 835 1668 loco
855 1609 886 1667 et
907 1625 1001 1666 anno.
1071 1687 1074 1695 Ι

157 1786 390 1868 Humbartus
404 1815 531 1869 comas
548 1789 849 1869 Macriannensis
868 1803 906 1870 et
925 1788 1092 1869 marchio
1111 1788 1237 1869 ltaliae
1260 1793 1417 1868 domum
1438 1788 1597 1869 Allionis

82 1905 224 1986 ordinis
252 1907 528 1988 carthusiensis
555 1908 700 2005 fundat,
726 1909 835 2011 eique
863 1937 928 2012 per
955 1937 1111 1988 manum
1139 1907 1330 2012 Gupgonis
1349 1908 1596 2013 Augustensis

81 2022 243 2128 episcopi
272 2025 387 2105 donat
426 2024 608 2129 quidquid
649 2028 687 2108 in
730 2026 793 2107 illo
834 2027 916 2107 loco
955 2025 1180 2130 possidebat,
1220 2054 1293 2114 uua
1320 2054 1407 2106 oum
1436 2027 1518 2107 lacu
1548 2027 1595 2107 de

80 2143 197 2223 Tuelli
227 2155 265 2224 et
291 2143 466 2224 facultate
494 2171 581 2224 oves
607 2145 785 2248 pascendi
813 2173 878 2250 per
904 2157 1020 2227 totam
1051 2158 1185 2246 terram
1215 2175 1334 2226 suam.

238 2295 279 2378 (Ε
301 2296 377 2360 Tab.
400 2297 489 2360 Eool.
512 2298 655 2361 Allionis.
679 2299 886 2374 Guronauou,
909 2299 1057 2372 Procnes,
1080 2318 1150 2378 pag.
1173 2300 1236 2377 43).

383 2587 583 2656 uccxnssl.
613 2627 648 2637 -
677 2589 864 2660 Ioannes
890 2586 1007 2677 ragis
1032 2585 1218 2676 Augliao
1245 2586 1287 2656 1¹.

797 2781 883 2842 11⁷0.

151 2995 168 3034 o
199 2963 436 3043 Humhertus
462 2987 589 3040 comes
615 2959 831 3041 Morienuae
860 2959 962 3040 misit
988 2957 1237 3039 Benedictum
1265 2958 1440 3039 abbatem
1465 2961 1501 3041 S.
1521 2959 1589 3039 Mi·

71 3081 218 3162 chaelis
247 3081 294 3160 de
322 3080 454 3161 Clausa
483 3079 529 3158 ad
557 3079 760 3159 Henricum
788 3104 914 3182 regem
942 3077 1111 3182 Angliae‚
1136 3105 1202 3180 pro
1222 3079 1482 3181 componendo
1511 3105 1590 3156 ma-

68 3200 256 3281 trimonio
284 3199 382 3280 inter
420 3199 635 3280 Iohannem
676 3197 799 3278 filium
838 3197 936 3303 regis
977 3211 1014 3275 et
1053 3196 1172 3277 filiam
1214 3225 1335 3293 suam,
1369 3197 1530 3278 offerens
1557 3197 1592 3277 ei

69 3331 188 3399 totam
221 3335 358 3398 terram
387 3345 506 3398 suam.
537 3317 622 3396 Fuit
649 3317 751 3396 enim
781 3317 882 3397 idem
909 3342 1035 3396 comes
1063 3315 1165 3394 lilius
1185 3316 1308 3395 Amati
1327 3321 1504 3414 (amedei
1526 3323 1595 3414 III)

67 3436 234 3531 comitia,
264 3450 301 3517 et
327 3435 536 3516 ditissimus
556 3436 593 3514 in
614 3435 845 3538 possessione
865 3434 1016 3514 urbium
1036 3448 1074 3514 et
1093 3434 1353 3515 castellorum:
1371 3434 1441 3515 neo
1459 3433 1593 3536 aliquis

66 3567 194 3656 potest
225 3554 329 3635 adire
356 3556 515 3650 ltaliam,
546 3555 617 3634 nisi
645 3581 710 3658 per
736 3568 872 3634 terram
901 3553 1017 3655 ipsius
1046 3589 1080 3631 a.

234 3707 408 3787 (Anonymi
438 3707 589 3768 Canouioi
619 3706 847 3780 Laudunensis,
881 3707 922 3770 R.
959 3707 997 3770 θ.
1029 3713 1058 3768 et
1087 3705 1202 3768 Erana.
1239 3706 1353 3786 script.
1379 3706 1467 3769 Tam.
1496 3706 1591 3782 XIII,

145 3826 223 3885 pag.
250 3805 334 3882 679).

132 4177 134 4182 ,
256 4100 451 4168 OCOXLIV.
482 4137 515 4148 -
544 4099 636 4168 Pax
663 4115 756 4168 oum
782 4096 1021 4169 Ralmnnrlo
1048 4095 1202 4169 comita
1230 4096 1421 4169 Tolosae.

792 4296 879 4356 1173.

133 4481 281 4559 Petrus
293 4478 586 4559 Tarantasiensis
601 4477 901 4583 archiepiscopus
918 4539 925 4554 .
944 4535 952 4552 .
970 4541 977 4555 .
1000 4479 1246 4581 «desperatas
1263 4477 1587 4560 reconciliationes

57 4599 162 4678 inter
191 4598 385 4678 maximos
425 4597 538 4678 etiam
578 4597 835 4700 principes...
870 4597 1116 4700 sequentibus
1155 4596 1273 4702 siguis
1314 4596 1447 4678 ellecit.
1489 4599 1590 4677 luter

55 4717 282 4822 principem
311 4743 422 4796 suum
450 4716 628 4796 comitem
656 4717 883 4798 Ymbartum
905 4730 942 4796 et
960 4716 1216 4796 Raimuudum
1246 4717 1422 4798 comitem
1452 4716 1590 4797 Tholo-

55 4864 201 4917 sanum
222 4896 231 4910 .
252 4895 286 4912 ..
319 4863 494 4942 guerram
521 4837 663 4916 diutius
692 4838 868 4941 agitatam
890 4836 1008 4916 multo
1027 4835 1155 4916 labora
1173 4836 1326 4916 sedavit.
1354 4836 1468 4917 Cuius
1487 4863 1591 4916 occa·

54 4957 169 5036 sione
203 4955 354 5058 negocii
382 4955 429 5034 ad
457 4955 676 5036 Hainriaum
704 4954 845 5061 Regem
866 4955 1072 5060 Auglorum
1092 4955 1336 5035 vehementer
1362 4955 1594 5036 desideratus

53 5075 229 5156 accessit
259 5105 292 5147 a.

229 5226 278 5306 (E
305 5249 320 5288 c
354 5228 486 5306 Speculo
516 5228 682 5291 Historiali
714 5253 742 5292 n.
773 5229 947 5292 Vaucuurrr
978 5249 1021 5290 nn
1052 5231 1261 5304 Bonouunm,
1292 5229 1367 5290 dicti
1396 5230 1591 5292 Balvaceuais

136 5334 236 5408 porte
261 5325 326 5398 III,
348 5345 417 5405 cap.
440 5325 584 5389 CXXIV.
607 5326 799 5401 Duoaasun,
821 5328 984 5390 Historiae
1005 5328 1197 5392 Francorum
1219 5326 1403 5405 Scrr‘ptorea,
1427 5327 1512 5393 Tam.
1531 5327 1589 5402 IV,

135 5445 219 5504 pag.
246 5424 332 5503 439).
