4096 6190
441 307 512 372 aaa
844 307 1039 376 nnansra
1067 309 1272 377 courrnrr
1301 308 1545 378 sosannim

771 707 773 712 ,
830 654 997 722 DOCLIX.
1027 689 1059 702 -
1091 653 1288 725 oestrum
1316 653 1366 725 de
1394 653 1561 746 Bioley.

1163 851 1251 912 1246.

518 1031 737 1113 Willelmus
764 1034 940 1114 dominus
967 1035 1100 1115 Bioleti
1128 1035 1361 1140 recognoscit
1397 1061 1436 1113 se
1463 1032 1648 1138 aooepisse
1676 1033 1713 1115 in
1744 1034 1902 1115 lendum
1933 1064 1949 1114 a
2021 1036 2022 1126 l

442 1153 552 1232 Petro
578 1152 624 1231 do
652 1153 837 1234 Sabaudia
863 1167 1026 1234 oestrum
1055 1181 1165 1235 suum
1194 1154 1241 1234 de
1269 1153 1409 1257 Bioley,
1434 1181 1509 1232 una
1536 1181 1623 1234 oum
1651 1153 1749 1235 villis
1777 1169 1816 1232 et
1841 1156 1949 1234 curti·

441 1271 512 1351 bns
539 1272 585 1350 de
613 1273 746 1374 Opens,
774 1275 910 1378 Ogens,
937 1274 1073 1354 Orsens
1102 1285 1138 1353 et
1165 1275 1365 1376 Correyon,
1394 1273 1513 1376 pretio
1540 1301 1635 1352 nxxx
1661 1273 1845 1355 librarum
1874 1273 1948 1353 lau·
2022 1288 2023 1328 l

442 1417 700 1471 sennensium.

601 1541 644 1625 (Ε
665 1543 704 1606 Β.
727 1544 803 1607 Tab.
826 1544 1021 1620 Taurinonsb
1043 1546 1166 1609 luvet.
1189 1547 1271 1610 Duo.
1296 1545 1384 1618 mo,
1408 1543 1499 1608 Fero.
1523 1546 1552 1619 1,
1574 1565 1607 1607 n.
1630 1547 1694 1625 52).

583 1850 734 1919 DOOLX.
764 1889 799 1899 -
827 1847 1028 1921 Eomtnes
1055 1848 1105 1920 do
1135 1848 1359 1922 Etroublos
1388 1853 1431 1920 et
1458 1848 1509 1923 de
1536 1851 1575 1923 8.
1606 1848 1815 1943 Bomlglo.

1059 2050 1145 2110 1246.
1167 2047 1335 2127 Angustos.

518 2229 708 2308 Amedeus
735 2256 861 2308 eomes
889 2229 1099 2309 sabaudiae
1134 2228 1330 2331 pollicetur
1367 2228 1585 2309 hominibus
1612 2231 1659 2309 de
1686 2229 1881 2309 Etronbles
1916 2243 1949 2307 ot
2026 2299 2027 2316 p

444 2347 490 2426 de
517 2349 554 2427 S.
583 2348 764 2453 Remigio,
792 2377 832 2428 se
860 2348 944 2428 illos
971 2377 1163 2452 nunquam
1194 2351 1239 2428 do
1280 2348 1450 2430 dominio
1477 2377 1546 2428 suo
1584 2349 1849 2444 alienaturum,
1879 2349 1949 2427 nist

445 2493 562 2568 quum
591 2467 770 2548 alienaret
797 2480 912 2547 totam
942 2467 1088 2547 Vallem
1119 2468 1382 2572 Augustanam.

602 2621 669 2701 (Dn
693 2622 1040 2696 britanniarium
1065 2624 1293 2700 Ammianus).

602 2929 769 2996 bacam.
804 2967 833 2976 -
860 2923 1084 3013 Philippus
1112 2925 1161 2998 de
1190 2927 1287 3000 sab.
1315 2927 1419 3020 Lug.
1447 2925 1647 3014 Arohlep.
1674 2925 1788 2998 Eleo.

1011 3121 1098 3194 1246,
1121 3124 1159 3182 20
1179 3122 1209 3184 d.
1234 3121 1386 3184 Ootobris.

515 3302 707 3406 Philippus
734 3302 882 3408 primae
906 3301 1083 3385 ecelesiae
1111 3304 1373 3410 Lugdunensis
1400 3304 1548 3384 Electus
1577 3301 1761 3406 quasdam
1781 3303 1943 3382 donatio·

442 3449 507 3502 nes
534 3422 663 3501 domui
692 3422 867 3501 eleemos.
903 3423 938 3502 S.
972 3422 1126 3503 Antonii
1153 3451 1171 3502 a
1200 3422 1413 3503 Gniohardo
1441 3424 1487 3502 de
1515 3421 1733 3502 Coindriaoo
1761 3421 1878 3501 milite
1911 3433 1942 3498 at

442 3571 462 3620 a
490 3541 650 3622 Falcone
678 3542 790 3621 laotos
819 3541 998 3644 approbat
1032 3556 1068 3621 et
1099 3543 1309 3632 confirmat,
1343 3541 1454 3621 salvis
1487 3569 1545 3619 xm
1575 3541 1738 3620 denariis
1765 3540 1940 3620 censuali·

440 3662 522 3758 bns,
550 3689 642 3764 qnos
671 3660 784 3740 habet
810 3661 847 3740 in
876 3659 949 3740 illis
977 3659 1097 3741 bonis.

521 3815 719 3897 (Ourtuloire
739 3815 898 3893 Memento
919 3833 976 3894 par
997 3814 1040 3874 Μ.
1065 3813 1100 3877 0,
1123 3813 1263 3878 Gordus.
1288 3813 1391 3894 hyon,
1414 3815 1502 3874 1885.
1526 3813 1605 3876 Doo.
1627 3814 1712 3890 412).

843 4119 1030 4189 nocaxll.
1059 4156 1094 4168 -
1125 4118 1280 4188 Domus
1308 4113 1535 4187 Stamedei.

819 4317 905 4390 1246,
931 4315 1021 4377 Faria
1043 4314 1134 4377 tortis
1155 4316 1222 4392 post
1241 4313 1352 4376 festum
1372 4313 1405 4375 B.
1428 4311 1570 4374 Martini.

517 4503 703 4581 tmedeus
729 4527 856 4581 onmes
884 4497 1095 4578 Sabaudiae
1114 4512 1151 4576 et
1170 4493 1337 4575 marobio
1356 4495 1394 4574 in
1415 4492 1522 4574 Italia
1542 4493 1725 4574 univorsis
1744 4493 1939 4574 baronibus

384 4661 390 4671 ·
439 4637 475 4700 et
501 4620 650 4706 amieis,
676 4618 888 4700 castellanis
917 4629 954 4696 et
982 4616 1213 4696 mistralibus
1240 4614 1317 4695 suis
1354 4628 1483 4693 notum
1517 4613 1605 4692 lacit
1631 4613 1842 4718 religiosam
1878 4613 1941 4690 do·

443 4769 547 4822 mum
577 4739 767 4822 Stamedei
794 4768 815 4818 a
843 4735 1141 4842 progenitoribus
1169 4735 1246 4814 suis
1275 4737 1469 4816 fundatam
1497 4731 1536 4811 in
1565 4759 1631 4812 sna
1658 4759 1809 4836 quoque
1835 4729 1938 4810 tutela

439 4874 550 4970 atqua
578 4859 747 4942 oustodia
782 4885 885 4945 esse,
927 4855 1154 4958 mandatque
1183 4865 1224 4932 ut
1250 4881 1271 4932 a
1298 4855 1417 4936 diotae
1457 4852 1592 4931 domus
1632 4877 1872 4953 personarum
1903 4861 1936 4926 et

439 5010 564 5062 rernm
593 4983 707 5083 ipsius
735 4977 975 5060 infestatione
1009 4986 1121 5077 atque
1160 4972 1325 5076 pedagiis
1365 4971 1555 5061 desistant
1582 4970 1747 5074 ipsisque
1774 4983 1811 5050 et
1836 4969 1936 5049 rebus

442 5101 604 5205 ipsorum
633 5099 832 5180 transitum
875 5093 1111 5187 laniantibus,
1152 5091 1345 5188 ducatum,
1374 5090 1573 5172 consilinm
1604 5101 1642 5168 at
1669 5087 1849 5169 auxilinm
1874 5087 1938 5167 im-

467 5224 618 5301 endant

441 5251 463 5323 p
596 5375 637 5455 (E
653 5375 691 5435 R.
708 5373 783 5436 aab.
802 5368 1000 5441 Taurinonsi
1016 5366 1243 5438 (tartaream,
1257 5364 1309 5426 fol.
1326 5363 1392 5425 1⁷5.
1405 5362 1612 5442 Transmipsit
1623 5363 1720 5428 Pau..
1734 5359 1939 5430 Sameram).
