4050 6188
454 358 522 422 166
854 351 1051 422 REGESTA
1080 355 1283 424 COMITUM
1311 355 1557 426 SABAUDIAE

450 596 487 676 in
526 597 718 677 Giavcuno
753 597 790 676 13
833 597 910 677 sala
946 597 1090 679 domini
1127 595 1329 677 Bonivardi
1367 597 1469 677 idem
1507 597 1595 678 lecit
1629 599 1782 679 domina
1817 599 1923 680 Sibillia

449 743 554 796 soror
581 727 651 796 etc.
678 716 895 818 Insequenti
924 715 984 796 die
1011 716 1050 796 in
1070 717 1197 796 Reano
1218 715 1256 795 in
1278 717 1391 795 durno
1411 715 1555 796 domini
1576 716 1752 797 Palmarii
1771 719 1816 796 dc
1833 720 1924 798 lleanc

449 833 551 915 idern
585 834 672 915 lecit
705 823 861 915 Beatrix'
886 861 999 915 soror.
1035 833 1103 914 Die
1141 841 1186 913 17
1225 834 1353 938 aprilis
1388 835 1461 914 hoc
1497 835 1599 915 idern
1635 837 1774 916 fecerat
1808 837 1923 916 domina

449 953 652 1034 Siarucnda
679 982 791 1042 soror.
819 953 970 1034 Taurini
990 953 1029 1033 in
1057 954 1170 1034 domo
1198 953 1366 1034 liliorum
1393 983 1427 1056 q.
1456 955 1664 1034 Ardizionis
1693 957 1739 1034 de
1767 957 1900 1035 Reuere.

522 1074 749 1154 Guillelrnus
776 1075 920 1154 Dcnius
948 1073 1113 1155 notarius
1141 1075 1177 1153 S.
1206 1071 1335 1154 Palatii
1364 1073 1521 1176 scripsit.

605 1227 648 1310 (E
669 1227 746 1290 Tab.
771 1227 953 1290 Communia
974 1227 1128 1306 Ripaltae.
1152 1226 1336 1302 01333333,
1360 1227 1450 1304 Septi
1471 1228 1591 1289 3311313·
1611 1229 1729 1306 cipitata*
1749 1230 1785 1290 da·
1817 1228 1926 1300 11130113,

525 1345 556 1405 p.
580 1327 662 1404 125).

498 1595 762 1666 0111111111-
782 1590 1015 1666 Guilelmus
1042 1592 1201 1684 Magna
1228 1596 1273 1663 et
1299 1589 1504 1683 Englajru
1530 1590 1581 1664 de
1611 1591 1890 1666 (lumbarium

589 1793 679 1867 1216,
702 1793 739 1853 1a
760 1791 878 1870 Aprilis
899 1789 970 1851 Ind.
994 1811 1041 1852 rr.
1063 1790 1309 1853 Gumbcavianae
1328 1809 1423 1870 propa
1442 1790 1569 1852 domum
1592 1791 1702 1852 Jacobi
1722 1790 1819 1852 Grati.

520 1972 744 2054 Willelmus
771 1973 906 2076 Mogna
933 1973 979 2052 de
1008 1971 1263 2052 Cumbaviana
1290 1985 1329 2052 et
1355 1975 1441 2056 Otto
1477 1988 1515 2054 et
1549 1974 1681 2054 Petrus
1716 1973 1845 2053 fratres
1872 1977 1933 2072 ejus

443 2121 508 2199 pro
534 2121 574 2174 se
600 2104 638 2173 et
664 2121 730 2197 pro
757 2091 902 2172 cunctis
929 2091 975 2171 de
1004 2117 1132 2172 corum
1162 2103 1266 2195 parte
1292 2093 1519 2197 promittunt
1537 2094 1648 2174 Petro
1666 2095 1860 2173 Dettovetc
1878 2093 1931 2171 Ca·

444 2213 603 2296 stellano
629 2211 822 2294 Av'ilianae
850 2224 888 2292 et
913 2212 1045 2293 Davidi
1074 2211 1120 2292 de
1147 2213 1280 2294 Crcsso
1308 2213 1510 2296 Castellani
1547 2213 1594 2293 de
1621 2211 1781 2318 Vigonc,
1816 2212 1887 2292 vice
1908 2225 1934 2290 et

444 2345 593 2438 aparte
621 2331 770 2413 comitis
798 2330 1006 2412 sabaudiae
1033 2331 1311 2434 recipientibus,
1337 2334 1530 2414 attendere
1557 2346 1595 2414 ct
1612 2333 1809 2414 observare
1831 2331 1932 2412 omnia

444 2464 649 2558 praecepta,
677 2479 773 2556 quae
801 2451 854 2533 eis
881 2450 1011 2532 lecerit
1039 2451 1248 2555 praedictus
1277 2480 1403 2533 comes
1433 2453 1479 2534 de
1508 2452 1715 2548 discordiis,
1743 2479 1839 2556 quae
1857 2451 1934 2530 13131

445 2574 545 2677 ipsos
572 2599 617 2653 ex
635 2599 709 2652 una
728 2581 842 2675 parte,
862 2599 1025 2651 necnon
1044 2571 1242 2676 Englejuru
1265 2572 1310 2651 de
1330 2572 1586 2652 Curnbaviana
1606 2583 1643 2652 et
1666 2572 1808 2653 Giliunr
1833 2570 1933 2650 111133

443 2720 554 2774 suum
581 2704 619 2772 et
645 2719 734 2772 suos
761 2691 950 2793 adjutores
978 2719 1023 2770 ex
1049 2691 1177 2787 altera,
1204 2691 1275 2772 sub
1302 2719 1422 2796 poena
1449 2722 1469 2773 c
1497 2691 1561 2773 lib.
1588 2691 1775 2772 bonorum
1814 2688 1933 2770 secusi-

445 2838 591 2892 331313.

515 2933 659 3012 Testes:
688 2929 882 3010 Fraelinus
910 2930 956 3009 de
983 2931 1238 3034 Romagnanc,
1265 2931 1398 3010 Petrus
1425 2929 1595 3011 marchio
1622 2930 1668 3009 de
1700 2931 1935 3032 Romaguanc.

442 3053 619 3134 dominus
645 3050 879 3131 Bonivardus
883 3107 989 3126 .....
1013 3048 1247 3131 Willielnius
1275 3051 1321 3130 de
1349 3050 1518 3154 Ripauta‚
1546 3049 1665 3130 Merlo
1693 3051 1740 3129 de
1769 3049 1935 3138 Plozascc

441 3173 533 3276 Gigo
558 3173 733 3266 Bovetus‚
760 3168 924 3250 Jaccbus
951 3170 1171 3269 Sarrajenus
1200 3181 1237 3249 et
1264 3169 1326 3250 3111
1355 3196 1467 3272 quarn
1497 3169 1635 3273 plures.

515 3293 657 3373 Eadem
684 3290 757 3386 die,
786 3291 825 3371 13
853 3289 987 3368 eodem
1016 3287 1098 3369 loco
1127 3288 1429 3369 Curnbaevianae
1456 3288 1550 3368 illud
1570 3289 1670 3368 idern
1692 3288 1933 3368 leceruntlln·

440 3411 561 3518 glejus
590 3413 636 3491 dc
664 3409 916 3490 Cumhaviaua
944 3418 982 3484 et
1017 3407 1137 3488 Gilius
1174 3415 1255 3510 ejus
1290 3407 1405 3488 filius.
1441 3407 1523 3509 Ipsa
1554 3406 1615 3488 die
1647 3419 1684 3486 et
1712 3406 1794 3487 loco
1822 3407 1934 3486 Petrus

441 3535 635 3612 1101133013
663 3557 708 3609 cx
735 3540 835 3631 parte
863 3527 1019 3609 Comitis
1047 3527 1210 3630 precepit
1237 3527 1440 3607 districtius
1462 3527 1609 3630 utrique
1633 3527 1727 3629 parti
1747 3523 1936 3606 103310111-

439 3678 541 3732 mam
569 3662 737 3753 trengam
766 3674 885 3752 usque
912 3647 958 3726 ad
985 3677 1032 3727 xv
1059 3646 1138 3726 dies
1167 3645 1353 3747 proximos
1381 3657 1464 3751 post
1497 3661 1673 3726 eventum
1703 3645 1860 3727 Comitis
1888 3641 1934 3721 isti

439 3781 654 3851 venturum.

513 3888 740 3971 Guillelrnus
767 3887 944 3969 noterius.

597 4042 663 4124 (Ex
684 4043 811 4120 Autog„
832 4040 914 4120 quod
936 4040 969 4102 in
991 4039 1030 4100 R.
1057 4039 1135 4100 Tab.
1159 4038 1342 4100 Taurinansi
1364 4037 1552 4100 adservatur.
1576 4037 1671 4109 dccc,
1696 4036 1767 4098 Fas.
1792 4040 1824 4109 6,
1847 4033 1935 4096 (13311-

515 4140 599 4214 13113,
620 4160 654 4202 3.
679 4143 705 4200 1.
730 4138 945 4218 Tranacripsil
966 4137 1002 4198 P.
1025 4136 1167 4214 Versa).

715 4429 886 4499 CDLXIX.
917 4467 952 4477 -
979 4427 1041 4497 De
1068 4425 1307 4497 hominibus
1334 4425 1658 4499 Secuuienaibuu.

535 4630 622 4702 1216,
647 4629 683 4689 16
705 4627 884 4690 Novembris
905 4591 976 4687 Ind.
1000 4644 1033 4684 v.
1057 4625 1149 4704 Apud
1170 4624 1329 4686 Secusiam
1349 4623 1383 4685 in
1403 4622 1493 4684 domo
1515 4621 1600 4684 Petri
1621 4621 1849 4684 Bartholomai.

510 4811 675 4892 Thomas
701 4837 826 4891 comes
854 4807 1064 4890 Sabaudiae
1092 4821 1130 4886 et
1156 4806 1283 4887 Italiae
1311 4805 1491 4901 marchia,
1520 4803 1777 4907 praesentibus
1805 4815 1843 4882 et
1868 4803 1931 4881 lau·

436 4930 625 5015 dantibus¹
640 4929 730 5011 filiis
758 4931 836 5011 suis
864 4928 1034 5010 Amedec
1061 4939 1100 5008 ct
1126 4927 1320 5021 umberto,
1340 4925 1552 5006 concedunt
1571 4922 1755 5003 universis
1773 4921 1933 5003 Secusiae

433 5051 709 5132 habitatoribus
736 5050 776 5130 13
803 5061 1039 5155 perpetuum,
1067 5060 1108 5126 ut
1134 5046 1252 5127 libere
1280 5074 1344 5149 per
1377 5055 1646 5125 testamentum
1684 5041 1771 5122 dare
1808 5041 1930 5146 possint

433 5172 588 5253 tutelam
618 5199 743 5252 rcrurn
771 5199 939 5261 suarum,
967 5193 1198 5269 suorumque
1227 5165 1422 5245 heredurn.

509 5293 671 5374 Testest‘
693 5292 927 5373 Castellanus
966 5287 1192 5384 Avillaniae‚
1220 5288 1351 5368 Petrus
1386 5286 1432 5365 de
1471 5283 1619 5364 Etlroue
1645 5285 1708 5384 (de
1739 5287 1919 5362 Tdouetc?

432 5415 570 5497 castell.
598 5413 793 5506 Secusiae,
819 5412 1015 5493 Jolrannes
1043 5409 1090 5489 de
1117 5409 1245 5486 Monte
1272 5405 1473 5509 llyrncnis,
1500 5405 1618 5483 Petro.
1636 5461 1669 5479 ..
1700 5402 1746 5484 de
1779 5403 1928 5484 Camere.
