4096 6190
456 333 528 399 282
859 330 1054 396 BEGESTA
1082 329 1286 398 comunt
1313 333 1560 400 santonus:

453 581 491 649 et
516 568 722 650 mistralem
741 568 866 648 Villae
884 569 1019 664 Norae,
1040 569 1291 674 hominesque
1308 573 1543 677 possidentes
1562 581 1665 674 prata
1684 581 1723 650 et
1739 571 1903 650 Essertes
1918 570 1940 647 iu

454 688 546 768 silva
572 687 768 769 Chambou
787 686 975 780 91111919,
994 687 1091 767 eirea
1109 687 1323 768 dominium
1341 702 1381 769 et
1401 690 1666 794 proprietatem
1693 689 1814 769 diotae
1841 687 1940 766 siluae.

455 809 588 886 Comes
614 807 829 909 pronuntiat
855 819 1065 910 competere
1092 807 1354 910 proprietatem
1392 808 1577 912 hospitali,
1606 809 1642 888 vi
1669 804 1881 887 donationis
1905 805 1941 883 iiii

457 927 573 1007 faotae
600 927 649 1007 ab
675 929 847 1029 Aymone
874 925 921 1006 de
948 926 1147 1016 sabaudia,
1173 926 1285 1007 salvis
1308 927 1457 1028 juribus
1484 927 1667 1034 effocagit
1694 939 1763 1006 eto.

614 1099 656 1165 (Ε
677 1097 716 1158 Β.
739 1097 816 1159 Tab.
840 1097 1037 1171 Touriuausi,
1053 1097 1086 1158 in
1108 1097 1219 1160 Codice
1233 1098 1390 1160 teudorom
1405 1099 1641 1174 Wsudensium,
1659 1098 1749 1159 Fuso.
1764 1095 1794 1170 1,
1806 1114 1875 1174 png.
1890 1095 1942 1163 109,

536 1219 569 1260 11.
592 1199 649 1274 1⁰).

646 1538 828 1610 11909111.
857 1577 891 1588 -
918 1535 1072 1606 astru
1097 1532 1300 1624 puy-rm
1326 1532 1447 1604 Petri
1475 1531 1526 1604 do
1554 1531 1784 1606 nso-uota.

932 1729 1131 1802 1149991.
1154 1729 1298 1808 Augusti.
1322 1729 1481 1807 Lugduni.

532 1927 773 2009 innocentius
800 1929 851 2008 lv
877 1929 916 2006 P.
934 1928 980 2005 M.
998 1927 1156 2008 obtentu
1183 1928 1447 2034 Lugdunensis
1475 1928 1591 2009 Eleoti
1619 1927 1797 2031 (Philippi
1824 1928 1869 2006 de
1895 1927 1945 2005 Sa·

458 2046 604 2144 houdia)
632 2045 804 2128 coneedit
829 2045 1009 2152 magistro
1049 2047 1160 2126 Petro
1199 2047 1352 2149 physico
1391 2046 1492 2128 Petri
1531 2048 1577 2128 de
1605 2047 1791 2127 Sabaudia
1817 2046 1944 2126 comitis

458 2165 765 2256 Riohemundiae,
793 2177 846 2258 ut,
873 2178 1019 2266 praeter
1045 2164 1240 2244 ecelesiam
1269 2165 1316 2244 de
1350 2164 1625 2246 Riohemundia
1660 2191 1787 2244 euram
1827 2165 1946 2243 anima·

458 2311 542 2364 rum
562 2283 778 2374 habentem,
797 2284 913 2387 possit
931 2283 1082 2363 uuioum
1103 2283 1204 2363 aliud
1225 2283 1467 2378 beneficium,
1486 2285 1633 2364 etiamsi
1653 2283 1817 2364 similem
1836 2309 1945 2362 ouran
2006 2297 2008 2373 'r

458 2403 604 2494 habeat,
631 2405 669 2482 in
698 2402 955 2484 Cantoariensi
982 2403 1171 2506 provincia
1198 2402 1298 2482 licite
1325 2403 1502 2506 recipere,
1530 2403 1676 2508 proviso
1692 2403 1793 2505 quod
1813 2401 1945 2483 eeclesia
2008 2414 2009 2459 1

459 2533 497 2600 91
522 2521 750 2601 beneficium
780 2521 916 2601 debitis
936 2550 1009 2600 uon
1031 2521 1223 2601 fraudetur
1241 2521 1443 2624 obsequiis,
1462 2534 1499 2601 et
1517 2521 1555 2601 iu
1575 2522 1629 2601 eis
1648 2522 1859 2601 animarum
1876 2547 1946 2598 eura

463 2640 676 2722 nullatenus
704 2641 926 2748 negligatur.

466 2881 469 2886 ,
618 2813 660 2894 (E
681 2812 722 2874 R.
744 2813 820 2875 Teb.
843 2813 1038 2876 Teuriueusi.
1060 2813 1150 2874 Botte
1169 2833 1186 2875 9
1206 2813 1315 2884 Brevi,
1339 2811 1429 2874 Fuso.
1452 2813 1481 2886 1,
1497 2833 1529 2872 n.
1550 2815 1597 2872 16.
1617 2813 1664 2872 M.
1688 2813 1733 2873 Η.
1759 2813 1794 2875 Ρ.
1817 2808 1946 2879 0111111,

540 2910 598 2972 ool.
623 2911 723 2990 1400).

811 3249 1010 3318 DCCCXXI.
1039 3290 1073 3298 -
1105 3249 1301 3321 (testum
1329 3248 1380 3320 ds
1407 3248 1628 3320 rtsternts.

867 3448 954 3520 1249,
977 3465 1076 3508 meuse
1098 3447 1294 3525 Septembris.
1313 3448 1405 3526 Apud
1426 3447 1570 3510 Biohots.

537 3629 722 3709 dmedeus
750 3655 875 3707 oornes
903 3627 1112 3707 Sabaudiae
1141 3627 1307 3706 infeodat
1333 3628 1443 3707 Petro
1473 3627 1519 3705 de
1546 3626 1735 3706 Sabaudia
1763 3625 1857 3704 fratri
1881 3649 1945 3703 suo.

459 3751 497 3831 in
525 3759 798 3854 augumentum
826 3747 1025 3825 feudorum
1053 3754 1132 3847 ejus
1161 3759 1321 3824 oestrum
1351 3745 1396 3824 de
1426 3745 1605 3824 Fisternis
1626 3773 1713 3824 euru
1735 3745 1811 3824 suis
1834 3767 1947 3844 appen-

459 3867 572 3956 ditiis,
599 3894 665 3970 pro
691 3895 732 3946 se
759 3894 802 3946 ao
829 3865 903 3946 illis
931 3865 1067 3967 quibus
1109 3865 1142 3945 ei
1170 3863 1348 3968 plaouerit
1375 3867 1526 3959 donare,
1557 3864 1718 3944 rendere
1758 3861 1814 3942 vel
1846 3861 1945 3964 legare

463 3989 605 4068 dietum
634 3998 812 4067 castrum.

621 4157 661 4234 (E
682 4155 722 4216 R.
745 4156 822 4218 Tab.
845 4156 1039 4218 Teuriuonsi.
1063 4155 1372 4226 Wuusrrrrasaora,
1395 4156 1483 4218 11191.
1505 4155 1595 4217 Petri
1615 4153 1670 4228 ΙΙ,
1692 4153 1785 4216 Prot.
1807 4171 1871 4233 pag.
1890 4150 1944 4210 199

542 4254 621 4318 Deo.
642 4254 725 4334 999).

639 4594 857 4664 uoooxxss.
886 4633 921 4642 -
949 4591 1082 4662 Plena
1109 4596 1299 4679 pots-ts·
1325 4594 1453 4664 Petro
1481 4591 1531 4662 de
1560 4590 1657 4662 Sub.
1686 4589 1800 4659 dote.

890 4787 1026 4860 194911
1049 4787 1079 4848 d.
1104 4787 1257 4850 Ootobris.
1280 4789 1372 4868 Apud
1393 4787 1548 4852 Windsor.

535 4970 651 5052 Plena
679 4982 841 5074 potestas
870 4970 1021 5051 Henrioi
1052 4970 1102 5049 111
1131 4970 1285 5074 Angliae
1311 4969 1409 5075 regis
1436 4970 1545 5049 Petro
1572 4968 1618 5048 de
1646 4965 1830 5048 Sabaudia
1859 4959 1941 5038 data.

461 5100 503 5168 ut
528 5097 697 5191 treugam
726 5087 824 5166 inter
850 5085 992 5166 dietum
1021 5087 1161 5190 Regem
1190 5098 1227 5164 et
1246 5084 1477 5165 Ludovioum
1506 5083 1559 5163 IX
1576 5109 1702 5186 regem
1724 5079 1854 5162 Galliae
1876 5097 1938 5178 pro·

463 5231 591 5309 rogare
618 5205 743 5307 possit.

621 5373 767 5454 (amu,
788 5375 872 5437 aea
892 5371 1024 5434 Perna
1044 5371 1072 5446 1,
1096 5389 1167 5450 pag.
1190 5371 1219 5444 1,
1244 5371 1325 5450 ns).
