4070 6186
450 268 517 332 156
850 265 1047 334 eadbert
1073 265 1276 334 GOMITUM
1304 264 1549 333 Statumae*

697 688 879 758 GDXXIll.
906 727 957 740 —-
982 683 1351 758 Eonactertum
1391 681 1697 759 eleusinum.

833 885 922 959 1209,
944 886 962 944 ⁵
985 884 1144 947 Februari.
1166 885 1238 948 Ind.
1261 904 1325 948 ιιι.
1347 885 1381 948 fl.
1403 883 1570 948 Ambrosii.

519 1068 684 1149 Thomas
712 1094 838 1148 comes
865 1078 903 1148 et
928 1069 1097 1149 marchio
1125 1069 1253 1149 ltaliae
1281 1069 1390 1149 Petro
1409 1069 1535 1149 abbati
1563 1065 1757 1149 Michaelis
1782 1064 1929 1146 Archan-

445 1186 514 1291 geli
544 1186 686 1269 Clusini
714 1187 830 1267 donat
852 1195 915 1290 jus
942 1215 1055 1268 suum
1082 1188 1121 1269 in
1147 1190 1319 1270 Jareuno
1346 1199 1385 1269 ct
1410 1187 1533 1269 forum
1555 1185 1679 1294 regale
1706 1198 1744 1268 et
1771 1184 1931 1266 comitale.

521 1306 648 1386 Testes
674 1304 828 1386 fuerunt
852 1307 1083 1388 Bertrannus
1101 1307 1217 1388 abbas
1235 1306 1427 1402 Pinarolii,
1448 1309 1615 1388 loannes
1636 1304 1752 1386 abbas
1773 1302 1933 1396 Seousirr,

447 1427 632 1508 Henricus
659 1427 867 1507 vicecomes
894 1426 1127 1523 Baratensis‚
1156 1426 1319 1507 Arducio
1344 1428 1393 1506 de
1419 1426 1638 1518 Plozasoho‚
1664 1423 1772 1506 Robe
1798 1425 1844 1504 de
1867 1422 1932 1502 Plo·

447 1545 596 1642 zascbo‚
613 1545 822 1625 Witelmus
850 1546 897 1624 de
924 1544 1083 1650 Ripalta‚
1110 1545 1228 1626 David
1255 1547 1302 1626 de
1329 1548 1488 1626 Camera
1514 1544 1798 1634 Senescballus,
1826 1544 1933 1621 Petnrs

446 1663 492 1742 de
520 1662 723 1744 Thouenco
749 1667 799 1766 (l)
826 1659 1100 1758 cambellanus,
1127 1661 1388 1743 Ronnivardus
1415 1663 1462 1742 de
1487 1659 1635 1743 Vienna
1662 1674 1700 1743 et
1726 1658 1800 1742 alii.

519 1783 579 1863 Jo.
608 1783 775 1865 notarius
804 1782 841 1864 S.
868 1781 1013 1864 Palatii.

616 1929 656 2018 (a
677 1935 754 2000 Τὼ.
777 1935 913 1998 Monuit.
938 1935 1091 2000 eleusini.
1116 1935 1323 2012 Guroaruorr,
1345 1935 1429 1998 Hiat.
1453 1936 1529 2000 Gen.
1553 1935 1701 2009 Prwocc
1725 1953 1796 2015 pag.
1812 1937 1872 2012 50).

641 2297 819 2368 ODXXIV.
848 2337 884 2348 -
913 2295 1171 2385 (tempo-taio
1198 2315 1323 2386 cuper
1349 2296 1462 2369 valle
1491 2295 1542 2369 de
1569 2243 1769 2388 lagatos.

880 2497 967 2572 1209,
990 2495 1108 2558 decimo
1130 2497 1240 2576 quarto
1262 2495 1303 2576 (l)
1325 2513 1423 2559 nonae
1444 2493 1535 2557 tulii.

522 2677 727 2758 Concordia
761 2676 856 2756 lacta
889 2681 987 2758 inter
1021 2677 1207 2757 Thomam
1234 2675 1410 2758 comitem
1440 2675 1651 2758 Sabaudiae
1684 2686 1722 2757 et
1747 2678 1938 2778 Aymonem

445 2796 711 2900 Agannensem
746 2795 934 2891 abbatem,
966 2794 1226 2900 praesentibus
1261 2807 1298 2875 et
1330 2793 1657 2902 consentientibus
1686 2795 1890 2875 Humberto
1912 2806 1939 2870 et

443 2914 622 3007 Amedeo,
649 2916 819 3017 ejusdem
847 2915 995 2999 comitis
1023 2915 1124 3012 filiis,
1150 2914 1198 2995 de
1224 2915 1320 2995 valle
1347 2914 1394 2995 de
1420 2915 1593 3022 Bagnies‚
1622 2913 1814 2994 videlicet:

519 3035 572 3113 Ex
599 3063 673 3138 quo
699 3037 834 3117 Comes
862 3045 918 3115 est
944 3035 1044 3115 inter
1069 3035 1238 3114 Montem
1256 3035 1359 3116 Jovis
1387 3045 1424 3115 et
1441 3035 1559 3131 Brest‚
1580 3031 1759 3115 dominns
1779 3045 1835 3112 est
1853 3031 1938 3110 vallis

443 3151 490 3230 de
516 3151 691 3258 Bagnies3
721 3167 760 3234 et
784 3153 1003 3234 venationes
1030 3165 1067 3233 et
1093 3153 1266 3234 arenticii
1292 3153 1370 3233 sive
1397 3152 1613 3233 habitantes
1638 3165 1783 3257 aperta
1802 3154 1838 3230 S.
1856 3151 1935 3230 Pan-

442 3270 551 3351 cracii
579 3273 625 3350 ad
654 3271 770 3352 finem
798 3272 903 3353 vallis
920 3272 1091 3374 ejusdam
1111 3285 1148 3352 et
1166 3271 1272 3378 nigra
1290 3299 1444 3354 nemora
1462 3283 1500 3353 et
1517 3271 1633 3353 banni
1648 3269 1814 3374 justitiae
1832 3281 1869 3350 et
1884 3267 1939 3347 mi·

440 3389 523 3470 lites
563 3401 601 3470 et
642 3391 804 3472 ministri
845 3402 883 3471 et
920 3417 1054 3495 pascua
1088 3390 1136 3471 ad
1168 3390 1374 3472 utilitatem
1406 3391 1607 3473 hominum
1646 3391 1810 3489 eJ'usdem
1847 3386 1937 3468 vallis

440 3510 634 3604 servanda,
661 3520 698 3588 et
727 3509 922 3591 discensus
950 3537 1086 3614 magne
1112 3537 1219 3613 aque,
1246 3522 1337 3591 sunt
1363 3511 1529 3592 Comitis.

516 3629 569 3707 Ex
587 3654 660 3732 quo
680 3656 765 3708 vero
787 3656 914 3712 comes
937 3656 956 3708 a
978 3629 1175 3732 praedictis
1194 3629 1335 3710 recedit
1363 3627 1545 3724 terminis,
1573 3628 1690 3708 abbas
1709 3627 1880 3708 dominus
1896 3637 1939 3704 ast

440 3748 608 3847 ejusdem
635 3747 753 3837 vallis,
783 3762 822 3828 et
850 3748 1014 3828 ministri
1042 3760 1079 3827 et
1105 3749 1280 3828 universa
1307 3748 1493 3852 praedicta
1511 3759 1599 3828 sunt
1618 3747 1782 3838 abbatis3
1801 3748 1938 3827 collecta

441 3894 588 3969 quoque
615 3867 661 3946 de
690 3895 804 3971 maye
832 3868 986 3970 antiquo
1010 3875 1107 3968 jure,
1141 3880 1179 3949 et
1213 3868 1367 3950 collecta
1397 3870 1555 3949 autunni
1589 3897 1654 3973 pro
1688 3868 1813 3948 tabula
1845 3891 1938 3946 aurea

442 4013 556 4088 quam
586 4013 712 4066 comes
739 3986 928 4067 Amedeus
955 3987 1091 4068 detulit
1117 3987 1214 4068 ultra
1242 4015 1355 4080 mare,
1385 3999 1453 4068 etc.

516 4105 639 4184 Habet
666 4107 780 4186 etiarn
809 4107 944 4187 Comes
973 4106 1115 4187 ibidem
1143 4106 1392 4210 equitationes
1419 4120 1457 4189 et
1475 4135 1706 4211 manuopera
1724 4109 1772 4189 ad
1791 4119 1936 4186 castrum

443 4224 488 4303 de
516 4223 679 4305 Chillion
708 4237 745 4304 et
770 4226 902 4330 viginti
922 4237 1065 4329 septem
1088 4227 1228 4307 solidos
1246 4256 1313 4332 pro
1332 4229 1515 4333 carragi0‚
1533 4241 1571 4307 et
1590 4227 1791 4308 duodecim
1810 4224 1937 4306 modios

441 4345 488 4422 de
516 4343 638 4440 blada,
666 4344 744 4424 sive
772 4344 822 4425 sit
847 4372 1023 4448 praesens
1050 4346 1127 4426 sive
1154 4347 1203 4426 sit
1228 4347 1376 4427 absens.

515 4463 610 4542 Item
652 4489 774 4566 neque
814 4464 948 4545 Comes
988 4491 1111 4569 neque
1147 4463 1274 4546 Abbas
1314 4477 1438 4569 potest
1465 4466 1585 4546 lacere
1612 4467 1842 4548 exactionem
1876 4465 1938 4545 sire

440 4579 622 4660 auxilium
650 4607 764 4685 super
789 4582 965 4664 homines
993 4584 1040 4664 de
1066 4583 1232 4689 Baguies
1259 4583 1333 4665 nisi
1359 4585 1427 4666 fiat
1461 4586 1654 4666 communi
1693 4584 1847 4668 consilio
1877 4595 1936 4664 tam

440 4699 589 4781 comitis
617 4729 731 4804 quam
759 4700 920 4800 abbatie,
947 4716 985 4784 et
1013 4715 1102 4784 tuuc
1130 4703 1311 4808 quodibi
1346 4704 1560 4808 accipietur,
1596 4705 1695 4786 inter
1722 4705 1937 4788 abbatemet

439 4821 618 4902 comitem
646 4821 900 4902 communiter
926 4822 1126 4905 dividatur.

514 4941 767 5022 Recordatum
807 4941 879 5023 luit
919 4941 993 5022 hoc
1031 4942 1196 5045 primurn
1238 4945 1336 5048 apud
1376 4944 1547 5050 Bagnies‚
1587 4943 1654 5025 ubi
1693 4943 1875 5026 Amedeus
1908 4951 1936 5018 et

439 5058 671 5141 Humbertus
699 5058 770 5140 filii
797 5059 946 5140 comitis
975 5061 1137 5152 luerunt,
1165 5075 1293 5166 postea
1330 5063 1559 5166 completum
1589 5062 1660 5142 luit
1696 5064 1793 5169 apud
1825 5061 1933 5142 villan

438 5177 617 5274 francam,
646 5190 844 5283 praesente
872 5180 1055 5262 Landrico
1083 5180 1258 5286 episcopo
1286 5183 1511 5264 Sedunensi.

512 5299 650 5379 Testes:
666 5300 786 5402 Aymo
806 5309 843 5380 et
856 5298 1103 5381 Vuilliermus
1121 5301 1168 5382 de
1187 5301 1314 5400 Turre,
1333 5302 1556 5384 Nantelmus
1575 5302 1623 5384 dc
1643 5301 1807 5394 Miolans,
1821 5301 1932 5382 Petrus
