4050 6188
451 316 546 415 ,238
882 317 1078 386 REGESTA
1107 317 1310 385 GOMITUM
1338 317 1582 385 SABAUDIAE

1743 433 1944 442 Q

1743 451 1923 459 -ῂ-

674 691 860 760 DOLXXV.
891 729 926 739 -
953 687 1161 762 Btohsrdi
1190 688 1300 760 com.
1331 686 1569 760 cornubiae
1595 687 1787 775 nuptias.

903 889 992 962 1242,
1016 889 1053 949 12
1074 889 1104 949 d.
1131 887 1219 949 Julii.
1242 888 1336 967 Apud
1356 889 1550 950 Thsrusuou.

550 1069 706 1148 Pastum
736 1069 966 1150 matrimonii
994 1069 1093 1149 inter
1119 1068 1346 1149 Riubsrdum
1377 1071 1552 1150 comitem
1583 1069 1793 1150 Cornuliiue
1822 1071 1946 1148 01800-

477 1190 587 1268 utium
617 1190 830 1292 Ruymnndi
859 1189 1072 1294 Berengurii
1101 1203 1139 1266 st
1163 1189 1341 1269 Beatriuis
1360 1189 1407 1269 de
1435 1189 1623 1268 Snbnudiu
1642 1189 1774 1269 filium.
1794 1190 1905 1267 Petrus
1919 1191 1947 1265 dr

477 1307 665 1388 8010000110
692 1308 867 1388 Richardi
887 1308 1036 1388 comitis
1059 1321 1283 1410 procurator.

554 1427 654 1507 luter
681 1430 829 1508 Testes:
857 1427 1053 1530 Philippus
1071 1427 1220 1508 Electus
1245 1428 1534 1508 Valentinensis.

634 1582 676 1663 (E
699 1582 775 1644 rab.
797 1581 1010 1644 Praefectum
1040 1581 1253 1674 Massilisusis.
1283 1580 1444 1642 Omnium
1470 1585 1500 1644 st
1527 1581 1669 1655 raons,
1702 1582 1779 1642 Dor.
1804 1581 1863 1657 Sin.
1883 1580 1949 1638 idn..

556 1699 626 1758 pag.
652 1682 733 1756 148).

647 1986 849 2054 Dcnxxvi.
881 2023 915 2034 -
944 1979 1192 2056 Bouiinoius
1219 1982 1270 2054 du
1298 1984 1395 2055 Sub.
1424 1982 1535 2057 11100.
1563 1982 1824 2056 Bulliosnsis.

760 2183 848 2255 1242,
874 2184 907 2241 11
930 2182 960 2242 d.
984 2182 1126 2259 Augusti.
1148 2183 1240 2261 Apud
1262 2184 1459 2246 Mulutsrium
1481 2183 1517 2245 de
1538 2186 1711 2245 Nnutunou.

550 2366 765 2447 Bonifnoius
794 2366 840 2446 de
868 2366 1462 2448 80110001101110010οΒ0111000010
1490 2379 1526 2444 et
1545 2366 1755 2468 Capitulum
1783 2364 1951 2443 Bellicum

477 2516 521 2566 ex
540 2515 615 2566 una
634 2499 749 2588 parte,
768 2501 805 2564 et
824 2486 1039 2588 Stephanus
1058 2486 1105 2564 ds
1123 2485 1241 2565 Villsr
1259 2514 1302 2564 ex
1321 2485 1433 2564 ultera
1454 2483 1767 2586 compromittunt
1785 2483 1950 2584 quamdin

477 2606 701 2687 discordium
726 2606 762 2684 in
785 2619 944 2708 quatuor
963 2605 1112 2698 milites,
1133 2603 1276 2685 scilicet
1295 2605 1496 2683 Murtinnm
1512 2604 1559 2682 de
1577 2601 1715 2691 Virmn,
1737 2601 1949 2681 Ilumbertun

476 2728 521 2804 de
550 2727 709 2826 Seyssei,
729 2727 766 2805 P.
787 2727 833 2805 de
852 2725 1059 2806 Vassilincn
1087 2742 1124 2802 et.
1143 2726 1355 2804 Gnidonem
1377 2724 1423 2803 de
1444 2724 1477 2802 10
1496 2723 1636 2811 Chuni,
1656 2735 1693 2800 et
1710 2723 1748 2800 in
1768 2724 1906 2801 Petrum
1921 2719 1950 2797 dr

474 2844 663 2925 Subaudis
690 2845 996 2948 sirpsrnrbitrnm.

633 3003 644 3078 (
668 2997 755 3057 ER.
781 2997 855 3059 Tub.
880 2995 1077 3068 Taurineusi,
1100 2997 1222 3056 Inueni.
1245 2997 1328 3056 Due.
1354 2995 1426 3056 Sub.
1451 2995 1541 3056 Fuso.
1566 2996 1594 3066 I,
1618 3013 1650 3052 n.
1673 2995 1718 3070 4).

861 3303 1082 3370 DCLXXVII.
1113 3343 1146 3351 —
1183 3301 1377 3374 (instrum
1405 3301 1455 3372 ds
1483 3300 1598 3373 Aulo.

949 3501 1036 3572 1242,
1061 3501 1098 3558 211
1120 3499 1151 3559 d.
1174 3500 1317 3576 Augusti.
1343 3501 1422 3560 Ante
1443 3500 1529 3559 Arlo.

549 3682 755 3762 Conventio
788 3682 886 3760 inter
914 3680 1155 3760 Willelmum
1187 3681 1363 3760 comitem
1399 3681 1689 3760 Gshenneusem
1715 3691 1753 3761 et
1770 3681 1907 3758 Petrum
1924 3673 1954 3752 te

446 3873 449 3880 .
471 3800 660 3880 Sahandia
680 3829 791 3903 snper
807 3815 967 3882 nastrum
990 3803 1036 3880 de
1058 3801 1157 3880 Arln.
1180 3804 1312 3880 Comes
1333 3800 1593 3879 Gebennsnsis
1608 3802 1717 3879 Petro
1737 3813 1890 3878 castrum
1907 3809 1954 3870 tn·

470 3920 535 4013 dit,
557 3919 781 4022 quibusdam
802 3921 1084 4000 conditionibus
1104 3920 1270 4021 adjectis.

633 4071 685 4148 (E.
709 4071 747 4130 R.
772 4071 848 4131 rab.
874 4071 1071 4142 Tnuriuensi
1094 4071 1215 4130 Instent.
1240 4073 1319 4132 Duc.
1345 4070 1418 4132 sar.
1444 4071 1534 4132 Fuso.
1558 4075 1586 4145 Ι,
1608 4093 1641 4133 u.
1664 4075 1708 4150 4).

663 4379 898 4446 DOLXXVHI.
923 4417 956 4424 —
986 4377 1172 4447 Juoobus
1199 4377 1249 4447 do
1276 4376 1407 4462 napo.
1437 4373 1600 4460 floruit.
1633 4374 1670 4445 2.
1701 4372 1805 4448 Ursi.

1042 4576 1130 4650 1242,
1153 4594 1254 4636 munus
1276 4573 1413 4636 Ouiobri.

542 4762 706 4842 Jacobus
724 4761 770 4841 de
791 4761 894 4862 Rupe
918 4757 1034 4836 donat
1052 4758 1226 4860 hospitali
1246 4760 1282 4836 S.
1305 4757 1387 4836 Ursi
1407 4765 1550 4834 sextam
1572 4764 1714 4855 partem
1739 4751 1845 4830 unius
1866 4760 1940 4824 terra

469 4883 515 4962 de
534 4879 678 4960 Pissiua
710 4881 795 4959 8010
822 4895 859 4958 st
882 4879 928 4956 (10
956 4875 1174 4966 Grausiron,
1203 4877 1248 4954 ud
1276 4887 1419 4954 rectum
1449 4872 1617 4956 sendum,
1646 4898 1710 4971 pro
1746 4899 1788 4948 ‚m
1818 4861 1954 4946 denariis

470 5006 516 5084 de
556 5001 707 5080 servitio
743 4999 937 5078 annuatim
978 4996 1192 5089 reddendis,
1227 5007 1264 5072 et
1292 4987 1371 5096 nro¹
1396 4992 1544 5070 dnobus
1578 4989 1707 5069 solidis
1748 4991 1792 5068 de
1835 4983 1952 5088 placitu

472 5126 623 5225 quando
651 5121 840 5201 acciderit.

544 5244 623 5321 Hos
652 5242 780 5321 laudnt
807 5242 848 5318 Α.
878 5264 1005 5316 comes
1033 5236 1256 5326 sabaudiae,
1285 5233 1385 5313 salvo
1415 5232 1677 5312 1000011001υο

629 5396 670 5474 (Ε
693 5394 769 5456 Tub.
794 5395 868 5472 Cup.
893 5394 924 5456 S.
945 5391 1015 5453 Ursi
1032 5391 1247 5467 Augustensis.
1265 5388 1476 5466 Transcripsit
1490 5387 1528 5446 A.
1550 5386 1622 5447 Duc
1637 5385 1740 5463 Episc.
1757 5377 1953 5460 Augustinus,
