4096 6190
667 346 724 414 DX
753 345 955 416 omuino

467 744 595 813 uMLv.
626 783 662 796 -
689 741 838 835 Laytla
863 741 1174 818 occuparint.

365 941 454 1014 lunc,
474 941 505 1004 d.
529 941 568 1004 28
590 940 680 1006 Jnlii.
702 942 773 1008 Ina.
795 959 873 1006 vua.
895 942 986 1022 Apud
1003 941 1277 1008 mmbohaam.

136 1117 332 1200 lohannes
362 1121 466 1224 onya
499 1120 628 1202 vendit
656 1120 847 1203 Ghaherto
875 1121 1072 1204 Ghabaudi
1107 1149 1173 1228 pro
1199 1123 1319 1228 pretio
1344 1119 1484 1205 uxvn
1512 1123 1578 1205 lib.

66 1236 144 1317 lort
173 1238 340 1320 Sacusin.
369 1250 540 1344 quartam
568 1253 710 1346 partam
738 1239 877 1322 Leidae
903 1241 1174 1324 Chamhariaci.
1202 1241 1321 1337 Quam
1353 1268 1433 1324 ram
1468 1244 1580 1324 Arne·

66 1357 157 1437 teus
183 1358 236 1440 IV
262 1385 387 1441 comes
415 1359 628 1441 Sahaudiaa
646 1372 686 1441 et
702 1359 741 1440 in
758 1360 911 1442 Ythalia
937 1361 1106 1443 marchio
1124 1361 1289 1443 laudavit
1315 1374 1354 1442 et
1379 1363 1577 1444 concessit.

140 1479 278 1560 Actum
305 1479 402 1583 apud
431 1479 745 1560 Chamheriacum
773 1480 812 1561 in
840 1480 954 1562 domo
980 1481 1021 1561 B.
1048 1481 1215 1563 Antonii.

140 1597 289 1679 Testes:
318 1597 522 1680 Umhartus
539 1675 541 1683 ,
561 1611 598 1680 et
638 1599 771 1681 Petrus
806 1599 853 1681 de
891 1597 1075 1705 Sayscllq
1116 1599 1321 1683 Umbertus
1360 1601 1580 1694 Marescalli‚

69 1714 272 1797 Anselmus
299 1717 476 1824 Grangia,
502 1717 720 1823 Rodolphus
744 1719 985 1802 Bonnivardi.

142 1835 395 1941 Subsequitur
432 1838 484 1919 ΠΙ
526 1835 601 1918 kal.
642 1837 814 1944 Augusti.
855 1839 1017 1920 Domina
1060 1839 1302 1933 Madonnatz,
1337 1867 1450 1944 supra
1489 1840 1579 1921 dicti

64 1954 252 2038 Johauuis
291 1983 396 2050 uxor,
430 1956 555 2040 eidem
592 1955 778 2040 Chaberto
813 1957 934 2062 ipsam
968 1957 1224 2040 venditionem
1262 1959 1411 2055 laudat,
1439 1974 1478 2039 et
1517 1985 1583 2062 pro

66 2075 180 2156 laudo
207 2074 254 2156 ab
281 2074 362 2178 ipso
388 2075 577 2158 Chnbarto
595 2077 739 2160 XXXX
765 2075 904 2160 solidos
930 2077 1014 2158 fort
1032 2076 1255 2162 consitutum
1281 2077 1466 2183 recepisse
1493 2103 1581 2160 con·

64 2191 164 2276 fessa
190 2207 258 2274 est

143 2313 465 2400 neumatum
491 2314 531 2395 in
558 2318 671 2398 domo
697 2315 815 2421 ipsias
840 2316 1039 2398 lobannis.

147 2433 295 2518 Testes:
321 2434 537 2540 Stephanus
564 2435 716 2529 Voconi,
742 2436 948 2518 Anselmus
974 2435 1124 2543 strangi,
1151 2437 1352 2518 Villelmus
1379 2437 1521 2519 Vaaohi
1549 2449 1587 2518 et

63 2551 257 2636 Mioold-us
282 2553 518 2645 Bonnivardi.
546 2554 679 2636 Petrus
704 2556 813 2659 Gays,
839 2556 971 2637 Petrus
996 2555 1152 2637 Barrali.

144 2672 310 2753 Jacobus
337 2673 375 2753 S.
403 2672 536 2753 Palatii
563 2685 602 2752 et
626 2674 776 2755 comitis
802 2675 1013 2756 Sahaudiaa
1040 2674 1209 2756 notarius
1235 2674 1391 2779 scripsit

227 2841 270 2925 (E
291 2841 330 2908 R.
353 2841 430 2908 Tala.
453 2841 650 2909 Tauricanai.
672 2841 824 2908 Pensm
845 2845 884 2909 dc
905 2845 1031 2919 Soaos'c,
1051 2841 1173 2926 Poquat
1194 2845 1229 2920 23
1250 2864 1284 2910 n.
1307 2847 1352 2928 4).

559 3205 705 3274 OMLVI.
733 3243 783 3254 -
808 3202 871 3275 Ita
897 3202 1111 3294 Bouana.

417 3401 505 3474 1285.
524 3400 559 3463 d.
580 3401 618 3464 26
638 3399 792 3466 Octobris·
815 3399 886 3466 tna.
910 3417 987 3464 vura.
1009 3399 1049 3462 In
1070 3398 1240 3466 unitim.

147 3583 340 3664 Amcdcus
377 3583 429 3664 IV
467 3609 595 3664 comes
634 3581 859 3680 sabaudiae,
900 3583 939 3664 in
979 3579 1087 3662 Italia
1124 3578 1293 3664 marchio
1332 3592 1371 3660 at
1409 3579 1587 3665 dominus

61 3701 237 3785 Thomas
264 3701 377 3784 frater
408 3708 500 3804 epus,
529 3701 788 3782 investituram
827 3711 866 3781 et
904 3698 1162 3780 venditionem
1204 3695 1348 3780 faciunt
1386 3699 1588 3784 Ambrosio

58 3820 201 3904 abbati
227 3822 265 3902 S.
293 3820 477 3904 Salutaris
504 3821 552 3903 de
584 3821 690 3902 omni
712 3827 798 3922 June
823 3833 863 3902 et
894 3817 1121 3900 rectitudine
1148 3829 1186 3898 et
1212 3818 1259 3899 de
1286 3815 1393 3899 omni
1418 3817 1588 3900 dominio

59 3955 103 4023 et
134 3940 322 4038 districtu,
349 3965 463 4045 quam
490 3951 529 4022 et
554 3939 654 4044 quod
686 3935 877 4020 Amedaus
909 3964 1037 4018 comes
1076 3949 1115 4016 et
1153 3935 1267 4016 lratar
1304 3942 1385 4038 ejus
1426 3935 1590 4019 Thomas

62 4059 270 4142 habebant
295 4059 335 4140 in
359 4057 537 4165 Sangano
564 4071 604 4138 et
630 4055 671 4139 in
706 4068 786 4138 toto
824 4055 1011 4138 territorio
1039 4061 1141 4158 ejus,
1167 4065 1206 4134 at
1230 4053 1458 4158 promittunt
1490 4055 1589 4136 hanc

60 4177 332 4262 venditionem
360 4178 479 4258 varira
506 4189 544 4258 et
578 4175 779 4259 defundere
812 4174 883 4280 ipsi
918 4171 1074 4256 domino
1100 4169 1303 4253 Ambrosio
1332 4186 1369 4253 et
1396 4179 1477 4274 ejus
1504 4201 1588 4255 suc·

59 4298 297 4390 caesoribus,
323 4327 345 4378 a
379 4325 454 4401 quo
487 4307 525 4377 et
558 4325 579 4377 a
614 4306 716 4401 parta
743 4295 860 4399 ipsius
886 4293 1075 4375 Ecclesiae
1101 4289 1263 4373 conlassi
1297 4303 1388 4372 sunt
1421 4292 1588 4394 precium

60 4415 261 4523 recepisse
287 4416 470 4497 librarum
496 4414 768 4522 quinquaginta
801 4411 969 4518 quinqua
1005 4412 1194 4493 bonorum
1232 4409 1492 4492 secusinorum
1521 4437 1591 4490 no-

61 4563 218 4620 vorum.

153 4657 289 4738 Actum
316 4655 356 4736 in
383 4652 570 4738 Avilliana
597 4650 637 4732 in
663 4648 779 4732 domo
805 4646 956 4730 Peireti.

154 4775 296 4857 Testes:
323 4775 456 4855 Petrus
484 4773 530 4852 dc
557 4768 714 4864 Thomu,
741 4764 985 4848 Marontelius
1012 4766 1059 4846 da
1085 4765 1282 4861 Thonono‚
1309 4764 1517 4848 Viliermus
1545 4767 1592 4848 de

61 4895 217 4978 Villeta
254 4892 502 4982 senescalcus,
540 4890 627 4970 Otto
666 4889 801 4976 Cornu,
838 4886 970 4966 Petrus
1006 4883 1281 4977 parmenianus,
1316 4883 1511 4966 lohannes
1547 4885 1594 4965 de

60 5012 230 5105 Bruino,
257 5012 428 5095 Peiretus
454 5011 579 5091 Cornu
604 5018 646 5088 et
670 5005 796 5112 plures
822 5003 898 5086 alii.

153 5133 350 5216 lohannes
377 5131 415 5214 S.
442 5127 576 5211 Palatii
603 5124 771 5208 notarius
797 5123 956 5228 scripsit

161 5255 276 5360 «ugo
300 5250 466 5334 lacobus
482 5249 522 5330 S.
539 5246 673 5329 Palatii
700 5245 868 5327 notarius
895 5242 1157 5324 authenticum
1185 5242 1299 5344 hujus
1324 5241 1412 5324 nori
1430 5241 1594 5347 exempli

60 5373 157 5458 vidi
184 5384 223 5454 at
248 5371 321 5478 legi
348 5383 386 5454 et
410 5367 598 5474 inquisivi,
615 5377 655 5448 et
679 5365 777 5448 siout
802 5364 842 5446 in
868 5362 949 5466 ipso
968 5361 1105 5454 inveni,
1121 5363 1173 5441 ita
1192 5361 1231 5440 in
1250 5361 1320 5442 isto
1338 5388 1435 5444 naso
1450 5361 1596 5467 scripsi,
