4096 6190
552 378 871 447 MONASTERIUM
900 379 933 446 S.
962 378 1092 445 PETRI
1509 381 1578 446 325

54 681 58 690 -
173 746 331 815 OMXLV.
360 777 397 796 *-
423 742 638 816 l’laoltum
664 742 716 814 de
744 740 982 815 flacusienrl
1010 739 1204 813 Ecclesia
1231 740 1272 814 8.
1299 739 1479 812 floriac.

759 942 834 1002 1095
857 941 898 1022 (r)

141 1127 327 1207 Placitum
355 1126 402 1206 de
429 1125 644 1207 Seousiausi
671 1123 827 1206 ecclesia
846 1126 882 1207 S.
902 1125 1041 1204 Mariae
1067 1123 1168 1204 inter
1191 1122 1392 1202 canonicos
1410 1123 1456 1204 de
1474 1119 1582 1228 plebe

71 1247 271 1348 Martyrum
301 1257 338 1325 et
364 1245 519 1326 clericos
555 1245 726 1346 ejusdem
762 1242 930 1324 civitatis.
966 1244 1100 1323 Coram
1136 1243 1271 1322 Amato
1305 1240 1582 1347 archiepiscopo

70 1363 352 1468 burdegalensi,
392 1373 505 1468 atque
543 1360 768 1444 bituricensi
808 1361 1108 1466 archiepiscopo,
1149 1389 1215 1441 seu
1258 1361 1413 1442 domiuo
1453 1363 1583 1470 Ugone

71 1482 412 1587 Gratianopolitano
444 1481 734 1585 archiepiscopo,
761 1492 799 1560 et
830 1479 1028 1560 Landuiuo
1062 1477 1347 1586 religiosissimo
1383 1479 1460 1560 viro
1497 1509 1585 1562 ana-

69 1602 222 1700 chorita,
241 1601 423 1682 Villelmo
451 1603 488 1681 S.
507 1601 702 1682 Michaelis
728 1599 874 1688 abbate,
901 1611 938 1679 et
965 1599 1146 1679 Umbcrto
1175 1598 1416 1702 pinaroliensi
1435 1599 1583 1698 abbate,

69 1723 143 1802 sive
170 1723 338 1802 Armeno
366 1720 572 1801 secusiausi
600 1720 746 1808 abbate,
775 1729 887 1824 atque
914 1718 1070 1799 domino
1103 1717 1333 1798 Herentioue
1367 1719 1585 1800 vicecomite

69 1840 124 1920 vel
152 1847 200 1942 (l)
228 1841 384 1922 domino
413 1839 643 1934 marchione,
663 1851 701 1920 et
729 1838 883 1919 domina
911 1841 1054 1944 Agnete
1083 1835 1272 1918 comitissa
1299 1866 1386 1917 cum
1415 1839 1585 1942 pluribus

69 1959 220 2062 optimis
249 1961 347 2042 viris.

144 2078 332 2160 Vilelmus
359 2079 543 2184 presbiter
578 2092 615 2159 et
645 2079 811 2160 Absalon
840 2091 952 2160 testes
989 2083 1243 2179 (Clerr'oorarm
1269 2081 1445 2158 aeterra
1475 2104 1587 2156 seror-

68 2202 163 2298 er'oe)
192 2198 342 2302 penitus
371 2199 452 2279 falsi
481 2198 625 2302 probati
652 2211 742 2279 sunt
767 2199 814 2278 de
850 2197 1021 2292 crimine,
1050 2198 1150 2301 quod
1177 2224 1242 2301 per
1267 2197 1466 2302 pecuniam
1496 2200 1585 2298 (Ou-

69 2321 202 2395 conr'cr'
237 2321 285 2395 de
320 2323 433 2420 plebe
472 2319 724 2420 martyrum)
764 2317 888 2421 adepti
929 2329 1056 2398 essent
1094 2315 1345 2422 supradictam
1387 2313 1585 2397 ecclesiam

70 2439 120 2534 (S.
149 2441 307 2516 Marica
339 2437 762 2540 accumulateque
798 2436 992 2517 decretum
1027 2450 1095 2535 est,
1132 2464 1178 2517 ne
1216 2435 1378 2541 amplius
1416 2461 1586 2540 unquam

69 2581 133 2656 per
160 2555 422 2637 testimonium
450 2554 686 2660 recipiantur.
712 2556 879 2653 Ecclesia
901 2582 988 2636 vero
1008 2556 1275 2659 (secusiensis),
1294 2555 1403 2637 sicuti
1424 2554 1588 2659 praelata

68 2674 259 2755 comitissa
277 2675 476 2756 testificata
496 2687 564 2771 est,
584 2675 909 2780 quemadmodum
930 2675 1111 2756 Adelaida
1129 2675 1392 2771 comitissa...,
1411 2674 1451 2756 in
1471 2701 1585 2754 manu

68 2821 110 2876 ao
137 2805 319 2898 potestate
345 2794 531 2876 Lantelmi
560 2795 759 2899 praepositi
788 2797 835 2876 da
862 2795 1051 2898 praedicta
1071 2795 1185 2875 Plebe
1203 2809 1424 2898 martyrum,
1443 2805 1481 2876 et
1506 2821 1587 2874 suc·

69 2939 260 2994 caesorum
296 2915 377 3016 ejus
418 2914 597 2994 canonice
636 2913 843 2995 viventium
882 2915 1192 3018 praepositorum,
1221 2915 1364 3018 absque
1400 2912 1588 2994 calumnia

69 3043 298 3134 permaneat.
314 3034 509 3114 Praeterea
527 3033 600 3114 hoc
617 3033 866 3115 laudaverunt
884 3047 923 3114 et
938 3033 1128 3114 dominica
1146 3035 1207 3114 die
1226 3033 1263 3113 iu
1283 3033 1439 3113 ecclesia
1457 3032 1588 3113 beatae

69 3154 209 3232 Mariae
237 3153 309 3232 hoc
336 3153 475 3234 laetum
505 3167 572 3234 est.
599 3155 720 3258 Aymo
747 3153 951 3234 canonicus
978 3179 1102 3233 coram
1141 3153 1244 3233 omni
1277 3154 1425 3256 populo,
1453 3166 1587 3233 tenens

69 3269 210 3352 librum
238 3271 526 3377 Evangeliorum
555 3279 591 3352 in
628 3301 745 3354 manu
777 3300 845 3352 sua
881 3272 991 3353 dixit:
1020 3272 1160 3368 audite,
1188 3271 1321 3353 fideles
1348 3271 1494 3376 populi:
1523 3271 1587 3352 illa
1622 3353 1625 3360 ,

68 3389 139 3483 die,
168 3417 240 3470 nec
265 3403 387 3484 autea,
407 3417 480 3494 qua
507 3389 699 3473 comitissa
717 3391 898 3473 Adelaida
917 3390 1070 3472 tradidit
1096 3391 1196 3472 hanc
1216 3388 1414 3472 eeclesiam
1432 3391 1587 3471 domino

69 3507 282 3599 Lantelmo,
297 3509 377 3615 ipse
395 3537 465 3590 nec
484 3509 608 3614 aliqua
626 3537 785 3615 persona
799 3538 865 3615 pro
884 3537 939 3602 eo,
956 3510 1154 3615 pecuniam
1170 3537 1234 3612 pro
1247 3508 1318 3590 bac
1338 3509 1495 3591 ecclesia
1510 3537 1586 3590 non

69 3627 302 3728 promiserat,
321 3656 390 3709 nec
409 3629 579 3709 dederat:
598 3631 660 3710 Sic
677 3631 778 3711 Deus
806 3657 867 3709 me
895 3630 1048 3732 adjuret
1074 3641 1111 3709 et
1138 3629 1231 3709 haec
1249 3656 1352 3708 sacra
1376 3629 1587 3734 Evangelia.

230 3781 401 3862 (macuta
420 3782 508 3844 Ilocl.
534 3781 753 3860 dcundum,
777 3783 854 3844 Doo.
878 3782 966 3855 XIV,
988 3801 1019 3862 p.
1042 3783 1092 3842 98.
1116 3781 1164 3844 Ol.
1187 3781 1302 3856 Sauro,
1330 3781 1383 3846 oli
1402 3783 1521 3844 aarum
1540 3799 1588 3844 oo·

149 3879 234 3940 acori
253 3880 290 3941 di
312 3879 428 3942 Torioo
447 3879 503 3941 dcl
517 3879 677 3958 principio
697 3881 731 3942 ct
753 3883 842 3941 1300.
866 3879 998 3952 Terina,
1022 3879 1110 3940 1888.
1133 3878 1254 3941 Doctus
1275 3880 1341 3955 vir,
1363 3879 1400 3942 de
1421 3880 1590 3942 «Domino

149 3976 358 4038 muraena»
380 3975 541 4050 disserens,
563 3976 618 4054 qui
644 3976 758 4056 placito
784 3995 849 4039 una
877 3995 949 4040 oum
978 3975 1167 4039 Herentione
1195 3975 1263 4039 rica
1293 3977 1403 4040 comite
1434 3975 1588 4050 interluit,

148 4074 254 4134 monet
274 4071 482 4135 Marobiaium
501 4091 565 4134 aare
585 4072 742 4136 Brunonia
763 4073 972 4136 vicecomitis
993 4073 1107 4147 filiam,
1129 4073 1184 4151 qui
1207 4074 1241 4134 in
1265 4073 1344 4136 Doc.
1370 4073 1508 4154 aequanti
1529 4073 1590 4136 boc

150 4187 273 4250 quoque
292 4171 417 4232 nomine
436 4169 568 4249 gaudem
589 4170 641 4232 aad
660 4170 760 4233 animi
779 4170 893 4235 dubius
913 4173 1007 4250 aum).

429 4499 607 4565 ouxuvr.
636 4537 671 4547 -
699 4495 1003 4567 uenenarium
1030 4493 1070 4567 a.
1098 4457 1251 4567 retus
1532 4595 1536 4604 ¹

178 4614 435 4686 machiotae
461 4613 546 4704 (vel
571 4612 782 4704 Harchtc)
809 4615 1019 4686 Baunonia
1045 4612 1140 4685 vice
1168 4611 1337 4684 comitis
1362 4609 1485 4684 filius.

743 4813 930 4874 1112-1118.

138 4997 378 5078 Mauruaaous
405 5000 509 5098 Epis.
542 5001 801 5076 Tocrioeeor's
826 4997 994 5078 Joaoauo
1021 4999 1200 5098 Arebiep.
1229 4999 1527 5076 Mediolanensi.

147 5169 244 5248 Cum
272 5166 543 5250 monasterium
570 5167 606 5248 S.
633 5167 745 5260 Patri,
772 5167 831 5249 cui
860 5166 1066 5274 Adalagida
1097 5166 1297 5248 cometissa
1333 5166 1489 5247 dederat
1523 5168 1590 5248 de-

71 5286 215 5367 cimam
241 5287 438 5390 cujusdam
472 5285 583 5366 villae
611 5287 689 5391 (Cf.
718 5287 807 5368 Doc.
836 5287 1006 5380 CLXIX,
1033 5312 1092 5366 an.
1123 5289 1244 5386 1068)
1272 5285 1501 5368 laboriosum
1529 5287 1590 5368 in·

71 5419 229 5488 current
259 5406 466 5514 negotium,
493 5407 540 5488 ad
575 5407 675 5512 quod
711 5406 975 5510 explicandum
1009 5403 1232 5489 Marchisius
1266 5405 1368 5487 filius
1401 5407 1590 5493 brunonis
