4096 6190
484 347 554 413 322
890 343 1087 414 saeuam
1113 345 1319 415 commum
1346 346 1591 418 saudauma

1872 463 1936 480 Q

479 545 636 672 domum
660 588 790 670 Dei...
806 587 943 670 .aedes
968 615 1095 670 sacrae
1121 601 1301 695 vaporant
1327 588 1494 672 flammis
1498 649 1607 670 .....
1621 592 1859 674 consumatur
1882 622 1998 825 ergo
1997 539 1998 582 i

479 710 616 791 domus
642 707 721 802 Dei,
744 707 857 789 ceteri
884 736 971 788 mor
997 707 1126 814 fugam
1145 709 1463 813 petunt.tFactum
1482 720 1684 791 astantem
1703 711 1937 820 dumbgerent

479 828 566 910 ilico
592 855 613 909 a
639 827 875 933 praesidente
907 826 1091 908 violenter
1121 829 1341 933 capiuntur,
1369 827 1566 931 crucisque
1593 840 1674 933 post
1708 739 1859 912 subiereg
1873 859 1938 913 mu-

480 947 674 1053 tyrium.»

811 1478 941 1548 OMXL.
968 1517 1019 1536 -
1044 1473 1162 1550 oddo
1188 1475 1390 1550 mundato.
1419 1477 1647 1551 Pollentia.

637 1117 826 1200 (carm
844 1117 1131 1192 sacramen,
1154 1119 1199 1197 1).

1067 1672 1205 1736 menne
1224 1674 1347 1738 macuto
1368 1691 1403 1736 x.

559 1889 577 1931 u
601 1858 649 1940 Et
674 1856 813 1938 factum
841 1865 899 1936 est
925 1855 986 1937 bis
1013 1855 1257 1992 temporibus,
1280 1868 1323 1936 ut
1339 1856 1493 1961 quidam
1513 1857 1683 1938 marchio
1702 1858 1908 1940 nomineOd
1908 1859 1944 1948 do

479 1979 626 2060 afflatus
652 1977 726 2058 alto
754 1975 953 2068 flamine,
943 2004 983 2056 ιιι
1011 1976 1166 2080 propriis
1192 1974 1391 2110 stipendiis
1418 1978 1501 2060 loca
1527 1991 1653 2059 nostra
1688 1979 1801 2061 auxit
1825 1980 1946 2082 ipsemet

479 2099 591 2204 igitur
618 2096 724 2177 Oddo
750 2094 1021 2177 circumvolans
1046 2122 1152 2176 sacra
1179 2108 1261 2177 vest
1262 2095 1336 2202 igin
1361 2098 1636 2202 apostolorum,
1663 2097 1816 2203 reliquit
1844 2126 1898 2180 sua
1920 2099 1944 2177 in

477 2217 595 2308 terris,
621 2226 664 2296 ut
689 2213 919 2319 glorificetur
944 2215 984 2300 in
1011 2215 1136 2300 coelis.
1157 2247 1174 2290 ι

634 2383 823 2468 (camora
842 2385 1071 2459 Nocoticr'mc,
1093 2385 1164 2447 Irib.
1186 2385 1226 2460 V,
1250 2385 1329 2467 Oap.
1353 2387 1416 2466 25).

1997 2651 1998 2704 ι

556 2747 702 2822 cmm.
730 2783 767 2796 -
796 2739 1051 2824 coenobium
1077 2738 1374 2821 atcvntctms
1401 2743 1445 2812 st
1471 2740 1687 2822 Δτᾱιιίιιιι
1715 2741 1901 2826 natata.
1997 2729 1998 2790 t

897 2924 899 2932 '
1143 2937 1235 2999 Anno
1251 2982 1259 2998 .
1273 2980 1282 2999 .
1296 2981 1327 3000 ..

549 3120 784 3226 Belegrimus
825 3118 981 3200 humilis
1021 3117 1138 3203 abbas
1177 3119 1378 3224 cunctique
1414 3120 1545 3204 fratres
1584 3123 1837 3208 cenobitalem
1873 3126 1950 3201 vitan

474 3243 655 3324 ducentes
685 3239 725 3322 in
758 3237 941 3320 coenobio
976 3234 1185 3320 beatissimi
1223 3239 1346 3334 Petri,
1384 3241 1505 3344 prisco
1544 3253 1714 3347 tempore
1748 3255 1880 3325 structo
1909 3265 1951 3344 per

475 3361 577 3467 alpes
602 3360 772 3467 Sigusiae
798 3359 971 3448 civitatis,
999 3384 1094 3462 quae
1120 3368 1178 3438 est
1204 3357 1366 3440 confinis
1395 3360 1537 3457 ltaliae,
1563 3361 1603 3443 in
1630 3361 1714 3443 loco
1752 3363 1817 3467 qui
1848 3388 1952 3442 nuncu·

475 3491 583 3586 patur
608 3480 853 3576 Novalioium,
871 3477 1075 3582 aquodam
1092 3477 1248 3582 patricio
1273 3480 1429 3564 nomine
1456 3479 1626 3568 athone.
1644 3541 1651 3555 .
1667 3543 1673 3556 .
1689 3481 1859 3563 Johanni
1879 3481 1912 3560 P.
1921 3477 1953 3558 Μ

466 3670 475 3694 ,
553 3600 782 3682 Coenobium
821 3599 965 3702 adyra
999 3609 1109 3702 gente
1071 3599 1432 3680 tSarracenorum
1465 3598 1634 3682 funditus
1661 3601 1922 3705 dissipatum‚s
1910 3595 1952 3676 sed

475 3748 624 3803 rursum
653 3747 674 3799 a
706 3720 868 3822 quodam
906 3715 1123 3799 marchione
1154 3717 1410 3800 Adbalbertus
1443 3717 1608 3810 nomine,
1642 3731 1750 3824 pater
1783 3713 1998 3822 Berenguii

474 3840 572 3948 regis
602 3869 665 3946 qua
656 3836 898 3936 dicebatur,
936 3835 1093 3924 feliciter
1127 3847 1308 3924 restaurat
1309 3865 1374 3920 um
1400 3836 1508 3920 fuit
1497 3866 1537 3922 m
1564 3837 1701 3947 oppido
1729 3839 1834 3946 quod
1858 3836 1954 3920 dicitur

473 3956 728 4042 Bremidum..
726 3945 824 4042 Sed
852 3957 1033 4042 moderno
1053 3967 1222 4086 tempore
1250 3957 1350 4060 quod
1376 3957 1441 4041 ille
1466 3956 1607 4061 aliique
1626 3971 1760 4044 senato
1779 3978 1954 4080 concussu

473 4079 570 4194 loco,
598 4090 682 4158 actu
710 4077 864 4158 insanus
891 4088 930 4156 et
955 4073 1113 4157 immani
1140 4075 1306 4156 amentia
1331 4076 1461 4157 detent
1445 4088 1518 4173 tus,
1547 4076 1699 4180 penitus
1727 4074 1908 4163 abstraxit,
1920 4067 1956 4151 ni·

475 4185 612 4281 mirum
642 4197 810 4280 marchio
828 4197 1018 4279 Arduinus
1036 4221 1147 4298 rapax
1164 4195 1287 4300 lupus,
1306 4196 1427 4277 latens
1445 4193 1545 4278 sub
1535 4195 1703 4302 umegine
1722 4197 1949 4278 candidas
1895 4193 1954 4272 eris

475 4321 703 4423 Quapropter
728 4316 940 4424 Belgrimus
967 4315 1190 4396 Pontificem
1228 4315 1396 4419 requirit,
1423 4327 1465 4396 ut
1486 4315 1668 4420 dignetur
1689 4315 1769 4398 sibi
1789 4314 1956 4398 consulere,

474 4451 538 4520 aut
564 4437 720 4518 omnino
748 4437 940 4520 dimittent
974 4435 1100 4516 locum
1140 4435 1266 4518 istum.
1301 4436 1423 4542 Dyrus
1458 4434 1627 4522 marchio
1662 4434 1836 4543 gestiens
1871 4445 1955 4514 tatun

474 4557 743 4638 monasterium
773 4556 812 4637 in
839 4583 946 4636 suam
967 4553 1136 4661 redigere
1163 4554 1384 4634 servitutem
1411 4566 1449 4634 et
1474 4553 1513 4634 in
1540 4553 1707 4635 filiorum
1730 4553 1955 4637 hereditatem

475 4675 565 4758 dicit
590 4702 631 4755 se
657 4674 798 4756 habere
825 4686 1041 4778 preceptum
1059 4675 1107 4753 de
1125 4675 1270 4760 eodem.
1297 4673 1403 4768 Quod
1423 4672 1600 4754 frivolum
1618 4684 1676 4754 est
1695 4683 1738 4754 et
1757 4673 1955 4755 mendosum

472 4797 644 4899 Namque
669 4794 821 4889 scimus,
838 4793 939 4896 quod
968 4792 1167 4874 Lotberius
1194 4791 1358 4898 regulus,
1385 4791 1487 4873 filius
1506 4791 1647 4896 Ugonis
1675 4791 1794 4899 regis,
1821 4792 1955 4895 deceptus

473 4913 672 4995 blandiciis
699 4912 939 4994 fraudibusve
959 4912 1036 4992 sevi
1063 4911 1180 5002 ducis,
1207 4909 1464 4992 nescientibus
1487 4909 1589 4992 Italis
1621 4911 1871 5016 principibus,
1894 4908 1954 4989 aba

473 5032 638 5115 firmavit
664 5032 758 5114 illud
796 5044 1024 5137 preceptum.
1061 5033 1149 5112 Post
1182 5033 1283 5136 quod
1314 5031 1467 5128 factum,
1496 5029 1677 5112 divinitus
1714 5030 1865 5139 ingenti
1886 5027 1955 5134 pap

441 5145 682 5256 'percussus
710 5151 750 5234 in
781 5153 860 5256 ipsa
893 5151 1105 5232 ebdomada
1141 5149 1236 5231 obiit
1274 5161 1447 5231 mortem.
1483 5149 1591 5244 Quod
1630 5161 1874 5258 praeceptum
1902 5147 1955 5227 Otto

472 5274 684 5376 imperator,
710 5274 866 5352 veniens
893 5271 940 5351 ad
966 5268 1123 5361 Italiam,
1152 5269 1366 5350 interventu
1393 5267 1601 5350 Adhelaide
1631 5271 1766 5352 uxoris
1795 5297 1890 5364 suae,
1906 5275 1953 5366 jur

473 5393 563 5472 dicti
590 5390 754 5471 Lotharii
797 5391 891 5472 olim
927 5387 1078 5470 relictae
1117 5390 1263 5486 viduae,
1298 5414 1427 5469 coram
1461 5387 1606 5470 cunctis
1632 5387 1874 5497 principibus
1901 5387 1954 5489 ipo
