4070 6186
741 371 897 440 OBITUS
1525 375 1569 439 75

1435 503 1510 510 -—--—-
1527 503 1571 509 ...-

71 481 202 490 0—-0-—u-

63 605 252 684 Benedicti
294 605 434 684 fratres.
453 664 484 679 ..
508 605 734 710 episcopum.
753 669 785 684 ..
809 609 856 687 uu
884 609 1039 688 ecclesia
1067 637 1140 686 non
1169 609 1310 712 absque
1340 609 1473 709 injuria
1504 610 1570 688 ali-

62 724 214 804 minant.
251 725 370 818 Quam
399 725 540 805 rabidis
568 735 659 804 tuno
690 727 752 807 ille
786 742 917 832 potens
955 727 1067 806 minis
1101 726 1216 807 simul
1251 755 1336 807 cum
1374 723 1571 808 Mur-chisia

62 848 297 943 (ddeluide),
331 845 375 924 ad
404 851 510 946 cujus
538 845 680 925 curiam
709 860 874 936 venerut,
903 847 1084 940 intonuit3
1113 874 1208 950 quae
1244 874 1368 926 rerum
1406 847 1571 941 damna,

61 964 115 1042 vel
148 963 304 1065 injurias
331 963 379 1044 ab
407 963 483 1044 illis
511 963 560 1044 ob
589 964 684 1046 lianc
710 994 860 1046 causam
890 994 964 1046 non
993 966 1250 1070 pertulimus?
1278 999 1294 1038 u

217 1111 315 1194 (Ven.
333 1109 491 1172 Benedicti
513 1111 590 1172 Abb.
615 1111 647 1172 S.
670 1111 831 1173 Michaelis
848 1111 987 1173 Olnueini
1009 1112 1094 1182 rita,
1117 1115 1199 1174 auct.
1225 1111 1379 1174 Willelmo
1406 1111 1572 1174 Moncoho.

138 1209 183 1269 dl.
207 1209 252 1270 H.
277 1209 315 1269 Ρ.
340 1212 455 1286 Script.
480 1209 543 1280 111,
568 1211 625 1270 col.
653 1211 734 1286 298).

143 1500 235 1567 CCX.
265 1539 313 1548 -
339 1495 515 1568 Adelcic
542 1503 586 1568 et
613 1499 758 1589 Agnes
785 1497 1038 1570 cemitime.
1074 1499 1254 1570 Manent.
1285 1498 1490 1572 metense.

582 1664 669 1733 1083,
694 1665 731 1721 ‘22
753 1661 881 1739 Aprilis.
905 1663 1047 1724 [Patruini.

130 1842 334 1948 Adalegida
362 1843 552 1924 comitissa
581 1843 601 1922 l'.
630 1871 664 1946 q.
694 1841 915 1946 Magnilredi
943 1842 1173 1924 marchionis
1192 1855 1231 1921 et
1249 1841 1356 1922 vidue
1376 1871 1411 1946 q.
1433 1842 1572 1924 Odonis

60 1963 150 2043 itam
179 1961 425 2060 marchionis,
453 1973 492 2041 et
517 1963 639 2065 Agnes
666 1962 855 2042 comitissa
883 1962 905 2044 f.
935 1991 968 2064 q.
996 1961 1170 2042 Wilelmi
1204 1962 1354 2042 comitis
1382 1973 1420 2042 et
1446 1962 1573 2042 relicta

60 2113 90 2184 q.
121 2081 266 2161 domini
294 2081 394 2160 Petri
423 2080 671 2172 marchionis,
699 2107 825 2160 socrus
852 2093 890 2160 et
913 2109 1048 2170 nurus,
1075 2109 1140 2186 pro
1167 2081 1340 2161 mercede
1361 2079 1574 2160 animarum

60 2228 210 2280 suarum
247 2211 285 2279 et
312 2199 535 2306 Magnifredi
575 2200 805 2281 marchionis
841 2212 878 2279 et
910 2199 1074 2280 Adelrioi
1115 2201 1282 2280 Astensis
1323 2199 1509 2304 episcopi,
1537 2211 1575 2278 et

59 2321 191 2398 Bertae
211 2315 422 2399 comitissae
440 2333 478 2396 et
495 2318 595 2398 Petri
615 2317 856 2411 marchionis
875 2330 953 2412 etc,
973 2319 1185 2399 concedunt
1204 2316 1404 2398 canonicae
1423 2318 1461 2396 S.
1481 2317 1574 2396 Lau-

60 2437 173 2517 rentii
199 2438 246 2518 de
274 2437 393 2533 Ulcio‚
410 2435 470 2517 cui
497 2437 721 2517 Nantelmus
740 2449 797 2517 est
823 2437 1063 2540 praepositus,
1091 2437 1286 2520 ecclesium
1315 2437 1352 2518 S.
1379 2435 1516 2516 Mariae
1536 2435 1574 2516 in

62 2557 141 2637 vico
161 2556 221 2654 qui
241 2555 377 2636 dicitur
397 2557 516 2658 Caput
535 2555 689 2648 montis,
717 2585 801 2636 cum
822 2554 995 2648 decimis3
1018 2569 1055 2638 et
1082 2557 1224 2662 peciam
1249 2583 1364 2636 unam
1394 2555 1430 2635 in
1457 2555 1572 2634 l'undo

63 2675 244 2765 Urbiano,
272 2687 311 2754 et
336 2675 526 2755 teloneum
557 2676 603 2755 de
631 2675 756 2774 rebuS,
784 2705 878 2778 quae
897 2704 963 2781 per
980 2677 1122 2756 clusam
1143 2675 1318 2757 Secusiae
1346 2674 1574 2754 transierint.

62 2841 105 2854 -
134 2796 171 2874 S.
198 2793 426 2900 Adalegidce
454 2807 492 2874 et
517 2795 671 2900 Agnetis
698 2793 984 2875 comitissarum.
1012 2797 1160 2876 Testes:
1187 2797 1330 2876 Erenzo
1357 2793 1579 2890 vicecomes

61 2913 282 3020 Burgundio
305 2915 431 3015 judex,
458 2915 533 2995 Azo
561 2915 607 2994 de
633 2912 764 2994 Fumis
792 2925 830 2994 et
856 2913 930 2994 alii.

133 3034 396 3144 Aldepraudus
423 3033 488 3138 qui
515 3033 619 3114 Bello
647 3045 810 3129 vocatur,
840 3033 1005 3114 notarius
1033 3035 1068 3113 S.
1097 3031 1228 3113 Palatii
1255 3031 1413 3138 scripsit.

222 3179 261 3258 (Ε
284 3178 322 3241 R.
346 3177 423 3240 Teb.
444 3178 646 3252 Taurinenei,
670 3178 812 3239 Albucia
833 3179 867 3238 di
889 3181 921 3239 S.
949 3180 1069 3252 dicato,
1095 3177 1167 3240 Fac.
1189 3177 1223 3247 Ι,
1255 3199 1288 3238 n.
1311 3183 1339 3240 5.
1363 3163 1573 3252 Garanum,

141 3275 279 3338 Prcuuer
300 3294 371 3354 pap.
395 3279 458 3354 20).
937 3291 940 3298 ·

306 3567 416 3636 ccxl.
448 3605 494 3617 -
522 3563 637 3637 oddo
664 3567 707 3637 11
732 3565 926 3636 Astomi·
954 3567 1054 3653 epto.
1083 3571 1127 3637 et
1154 3568 1335 3638 nascer.

443 3730 532 3801 1087,
554 3731 592 3789 22
613 3727 701 3789 Maii.
726 3728 797 3790 Iud.
820 3745 858 3787 1x
884 3729 956 3808 (lece
979 3731 1016 3805 x)
1038 3729 1077 3788 In
1099 3731 1212 3790 cestro.

135 3908 390 3990 Commutatio
418 3909 604 3988 honorum
633 3909 731 3988 inter
758 3909 954 3990 Oddonem
974 3910 1174 3988 Astansem
1202 3907 1417 4013 episcopum
1447 3921 1485 3988 et
1503 3910 1575 3989 lli·

58 4028 229 4108 chellum
258 4027 323 4132 qui
350 4041 387 4108 et
413 4029 569 4117 Mamur,
598 4028 678 4133 lege
714 4027 899 4108 viventem
935 4054 1091 4108 romane
1119 4055 1163 4108 ex
1192 4037 1341 4108 natione
1368 4056 1447 4110 sun.
1475 4026 1579 4109 Bona

55 4146 179 4250 posita
209 4159 298 4227 sunt
325 4147 364 4228 in
391 4145 576 4227 territorio
603 4149 728 4242 Asiae,
755 4146 794 4226 in
822 4147 917 4227 valle
943 4149 1112 4242 Memno,
1132 4145 1169 4226 in
1194 4147 1319 4226 lundo'
1339 4147 1575 4228 Columhosa.

57 4267 93 4344 S.
123 4264 322 4347 Michaelis
349 4278 388 4345 et
414 4265 579 4346 testium.
1211 4261 1213 4266 ’

136 4383 274 4465 Benito
302 4385 468 4464 notarius
496 4387 531 4464 S.
561 4383 697 4464 Palecii
726 4384 883 4486 scripsit.

225 4537 262 4616 (E
284 4535 361 4600 dab.
378 4535 466 4600 Eccl.
484 4537 574 4599 (leth.
598 4537 747 4610 detensis,
770 4537 845 4598 Iure
860 4537 1016 4616 Oepituli,
1039 4538 1130 4599 Fuso.
1149 4493 1280 4612 XXXV,
1297 4559 1330 4600 n.
1349 4543 1396 4599 11.
1413 4540 1458 4600 M.
1476 4540 1521 4600 H.
1539 4540 1579 4601 Ρ.

143 4635 254 4699 Ohart.
277 4633 312 4710 1,
334 4635 392 4697 col.
416 4637 500 4716 680).
842 4661 844 4664 ·

376 4927 501 4998 ooxu.
529 4967 577 4978 -
606 4924 1265 5013 obituunertae1mperctriciu.

676 5092 762 5156 1088,
786 5090 975 5169 Meguntiae.

141 5307 160 5347 u
191 5274 320 5354 Bertae
348 5271 563 5376 imperatrix
592 5271 686 5352 obiit
713 5285 750 5351 et
777 5273 882 5376 Spire
911 5272 1055 5377 sepulta
1083 5286 1147 5352 est.
1180 5305 1197 5349 u

225 5427 362 5509 (Anum.
386 5426 487 5489 Saxo.
510 5425 602 5504 Apud
624 5425 746 5502 Pcnrz,
770 5427 817 5491 M.
845 5427 883 5491 θ.
907 5427 953 5490 ΙΙ.
977 5427 1104 5506 Scope,
1129 5427 1217 5490 Tum.
1240 5427 1296 5500 VI,
1318 5447 1350 5506 p.
1373 5427 1455 5509 724).
