4096 6190
558 363 560 372 ’
597 345 787 414 ananum
814 347 870 413 DE
899 347 1118 416 sinaeum
1542 351 1612 418 815

100 451 137 462 ...-

99 471 147 479 ...-

98 583 349 784 l'eoerefidebet
365 584 649 694 obligationem.
669 587 805 668 Datum
825 587 916 668 ferie
935 617 970 666 ιιι
989 600 1072 691 post
1087 587 1199 669 Pnrif.
1217 588 1250 668 b.
1267 589 1442 694 Virginis,
1460 617 1561 674 anno
1579 591 1614 678 X

99 715 204 804 ponti
236 717 352 785 uatus.

180 952 209 1013 D
257 857 439 1034 (w
460 857 665 938 Piupouo'ono.
690 859 1003 934 wenerannus,
1026 859 1113 922 Hiet.
1136 859 1227 922 Petro·
1246 859 1299 936 Π,
1323 860 1416 923 Prul.
1440 879 1511 942 με.
1542 863 1613 937 188,

211 973 258 1015 oo.
357 997 366 1016 .

502 1249 650 1319 CMXXI.
690 1290 741 1300 —
779 1245 1004 1334 osnuptou
1032 1244 1219 1319 donatio.

593 1449 682 1520 1858,
703 1448 722 1506 9
742 1447 772 1508 d.
798 1445 970 1508 Februarii.
995 1447 1128 1508 Perueii.

177 1626 418 1707 Innocentius
445 1627 497 1706 lV
525 1627 563 1706 P.
584 1627 631 1705 M.
652 1627 853 1706 confirmat
873 1626 1117 1706 donationem
1135 1655 1156 1706 a
1175 1625 1373 1708 Willelmo
1401 1629 1508 1708 Rom.
1526 1653 1615 1733 rege

95 1747 267 1828 Thomae
296 1747 343 1826 de
362 1745 551 1827 Sabeudia
570 1745 699 1826 comiti
727 1760 765 1826 et
790 1746 869 1826 suis
888 1747 1094 1827 heredibus
1117 1746 1313 1850 utriusque
1340 1773 1449 1827 sexus
1477 1747 1613 1828 laetam

91 1879 216 1945 terrae
243 1865 438 1968 Cenepitii.
466 1867 548 1946 Dat.
576 1893 596 1939 ι
623 1866 708 1946 idus
736 1865 808 1946 leb.
836 1893 935 1946 anno
963 1867 998 1946 X
1025 1865 1277 1968 pontificatus.

256 2019 439 2099 (Zidoldouo
460 2018 666 2100 Paeonum.
690 2018 1000 2091 Wuusrnrrnunenn,
1023 2017 1099 2080 Iroo.
1123 2019 1190 2092 nit,
1212 2037 1284 2098 pag.
1309 2021 1377 2090 188,
1401 2019 1479 2082 Deo.
1501 2021 1588 2100 881).

514 2327 680 2396 OMXXll.
709 2366 759 2379 -
790 2327 945 2398 Domus
970 2327 1207 2398 Portarum.

694 2527 782 2597 1888,
805 2528 823 2583 9
844 2525 874 2585 (1.
897 2524 1026 2604 Aprilis.

175 2703 370 2807 Philippus
400 2701 542 2806 primae
569 2701 747 2782 ecelesiae
775 2703 1039 2808 Lugdunensis
1075 2701 1221 2783 Electus
1248 2713 1286 2783 et
1312 2717 1529 2806 procurator
1555 2731 1614 2785 eo-

95 2823 239 2904 olesiae
258 2820 537 2903 valentinensis
556 2823 832 2924 exemptionem
853 2821 998 2927 pedagii
1014 2835 1051 2900 et
1070 2823 1187 2928 usagii
1207 2821 1413 2904 bestiarum
1433 2835 1471 2903 et
1487 2849 1612 2904 rernm

92 2968 167 3046 per
206 2959 343 3022 terram
378 2939 556 3022 ecelesiae
596 2939 873 3020 Valentinensis
913 2941 1042 3020 domni
1083 2941 1278 3022 Portarum
1314 2941 1361 3020 ab
1393 2941 1614 3036 Humberto,

89 3062 289 3166 quondam
320 3061 493 3164 episeopo
521 3059 795 3151 Valentinensi‚
824 3087 1054 3152 eoneessam,
1082 3058 1294 3138 confirmat.

261 3215 372 3296 (Extat
393 3216 526 3293 Autog.,
549 3214 583 3275 in
603 3212 681 3274 aab.
703 3213 782 3286 Ain,
805 3211 905 3274 Titres
926 3212 962 3273 de
983 3212 1100 3274 Portos.
1123 3211 1215 3274 Edid.
1241 3212 1422 3276 Oortolor'ro
1441 3213 1614 3294 monnau,

180 3331 239 3392 par
259 3311 304 3372 11.
326 3311 362 3374 (1.
386 3311 528 3382 Guneus,
552 3309 652 3390 Lyon,
677 3309 766 3383 1888,
788 3307 867 3371 Deo.
890 3311 973 3387 488).

406 3617 592 3689 euxxm.
625 3655 676 3667 -
707 3616 797 3686 Iter
824 3615 868 3686 iu
895 3616 1069 3686 Terram
1097 3614 1310 3688 sanetum.

455 3813 542 3887 1888,
566 3815 603 3874 18
624 3812 655 3874 d.
677 3811 806 3892 Aprilis.
828 3810 923 3892 Apud
944 3810 1265 3874 westmonasterium.

177 3995 309 4075 Petrus
337 3993 384 4072 de
412 3991 600 4073 Sabaudin
628 4020 695 4096 per
721 3994 863 4073 litteras
891 4006 1058 4097 patentes
1094 3992 1131 4071 in
1166 4005 1241 4072 tres
1273 3991 1421 4071 chartas
1453 3991 1617 4100 digestas

90 4112 287 4219 promittit
313 4138 353 4191 se
381 4112 623 4216 corporaliter
649 4112 686 4191 in
717 4113 869 4191 Terram
898 4113 1074 4192 Sanctam
1104 4110 1369 4212 profecturum,
1400 4137 1488 4190 oum
1516 4111 1618 4190 Hen-

89 4234 201 4314 rious
229 4232 438 4336 passagium
473 4259 584 4312 suum
614 4231 660 4310 ad
689 4246 825 4310 terram
855 4231 1078 4334 praedictam
1107 4229 1242 4328 feoiet;
1270 4229 1454 4310 Henrieus
1490 4241 1616 4311 autem

91 4363 254 4456 propter
280 4351 499 4452 hujusmodi
529 4349 837 4456 peregrinationis
864 4349 988 4430 dehita
1017 4347 1185 4430 subsidia
1212 4348 1351 4428 statuit..

261 4503 303 4584 (Ε
325 4503 401 4566 Tul).
425 4504 535 4566 Turris
556 4503 770 4566 Londineneie.
792 4503 831 4566 V.
855 4503 984 4577 Rursus,
1001 4505 1085 4565 Aeto
1105 4501 1268 4576 Poenino,
1288 4501 1317 4577 1,
1340 4505 1369 4576 1,
1386 4501 1455 4577 118,
1477 4519 1533 4566 neo
1554 4521 1617 4565 uou

182 4602 340 4675 Foedera,
362 4602 390 4676 1,
412 4622 443 4681 p.
468 4603 570 4681 1888).

204 4897 382 4966 ΟΜΧΧΝ.
411 4935 446 4946 -
474 4891 654 4965 Beutrix
680 4889 731 4962 do
759 4888 977 4963 subaudit
1004 4887 1258 4960 Viennensis
1285 4884 1513 4960 eomitissa.

689 5089 776 5161 mse,
800 5087 837 5146 aa
858 5085 889 5147 a.
910 5027 1041 5164 aptius.

173 5273 323 5355 Beatrix
350 5273 396 5353 de
423 5271 610 5353 Sebendie
627 5267 853 5349 Viennensis
881 5280 918 5344 et
945 5267 1171 5346 Albonensis
1189 5263 1378 5347 eomitissa
1398 5261 1530 5367 reeipit
1547 5261 1618 5344 sub

81 5421 167 5478 sua
187 5392 369 5490 custodia,
388 5392 618 5497 protectione
645 5402 683 5470 et
709 5386 884 5494 guidagio
905 5387 1031 5466 omnia
1060 5389 1160 5467 bone
1191 5399 1228 5466 et
1253 5381 1430 5466 homines
1448 5382 1496 5464 ab
1520 5384 1618 5464 Ara-
