4096 6190
508 381 665 450 TURRIS
694 380 906 448 GUILELMI
935 380 1111 447 SARIODI
1493 381 1563 445 253

429 730 615 800 DOGXXV.
644 769 678 782 -·
709 729 904 802 centrum
931 725 981 797 de
1010 724 1195 799 chmel.

253 927 339 1000 1244,
361 925 409 986 die
430 924 537 987 Lunae
558 929 629 988 ente
649 925 763 988 festum
783 924 813 987 b.
836 944 878 985 m.
902 925 1103 1004 Magdnleneo
1124 925 1177 1004 (18
1199 923 1228 983 (1.
1253 921 1355 1001 tulii).

577 1040 669 1120 Apud
691 1039 870 1101 Rotundum
892 1038 1041 1100 Mentem.

125 1219 409 1319 Willelmuset
435 1220 610 1302 Nieolaus
637 1221 683 1300 de
711 1221 898 1312 Fruentia,
927 1233 964 1300 et
992 1220 1174 1300 Henrious
1200 1221 1365 1300 decanus
1383 1218 1560 1298 ecelesiae

52 1337 341 1434 mosomensis,
369 1339 574 1442 composita
603 1367 691 1442 pace
719 1367 803 1419 eum
834 1341 941 1419 Petro
969 1340 1015 1419 de
1050 1341 1221 1419 Granzon
1255 1354 1292 1420 et
1323 1337 1484 1418 Henrioo
1516 1339 1561 1417 de

49 1455 231 1551 Chavenz‚
260 1459 451 1538 mediante
477 1459 587 1538 Petro
613 1459 660 1538 de
679 1458 878 1547 Sabaudia‚
896 1459 1040 1537 donant
1056 1457 1181 1537 eidem
1201 1459 1310 1538 Petro
1327 1471 1491 1538 castrum
1516 1457 1561 1536 de

47 1576 199 1655 Chastel
225 1588 263 1656 et
289 1576 471 1680 quidquid
499 1575 690 1658 habebant
725 1577 763 1656 in
791 1577 888 1655 valle
925 1577 970 1656 de
1011 1575 1193 1655 Frueneia
1220 1577 1278 1656 vel
1306 1579 1353 1657 de
1379 1577 1560 1680 Senenge.

46 1693 193 1774 Deinde
206 1696 338 1775 Petrus
352 1695 398 1775 de
417 1695 603 1775 Sabaudia
619 1695 683 1775 illa
703 1694 831 1774 omnia
849 1694 888 1774 in
909 1693 1063 1773 feudum
1083 1695 1255 1774 coneedit
1272 1695 1438 1776 Jordano
1467 1694 1557 1775 dieti

47 1811 238 1893 Willelmi
265 1812 355 1904 filio,
382 1814 445 1916 qui
474 1813 692 1918 homagium
722 1813 811 1893 faoit
827 1814 936 1894 Petro
965 1811 1199 1911 absolutum
1227 1814 1447 1894 Willelmus
1475 1840 1561 1893 vero

43 1934 90 2010 de
108 1933 288 2014 Fruentia
319 1933 405 2012 t'aeit
431 1934 659 2036 homagium,
679 1943 864 2012 reservata
892 1931 1074 2011 fidelitate
1102 1931 1227 2012 debita
1252 1933 1381 2013 comiti
1409 1933 1560 2012 Geben·

45 2052 224 2142 nausiet
249 2051 451 2132 Nioholaus
479 2052 579 2131 salva
606 2051 787 2132 fidelitate
816 2050 942 2131 debito
972 2050 1124 2130 domino
1153 2051 1199 2130 de
1227 2049 1380 2154 Bloney.

169 2203 211 2285 (n
223 2204 261 2264 R.
274 2203 351 2266 aab.
364 2203 558 2266 Tnurinenei.
569 2204 875 2279 woutermanno,
889 2204 977 2266 Petrt‘
989 2203 1128 2265 IIHt'at.
1142 2203 1248 2279 Pron,
1260 2223 1289 2283 p.
1305 2206 1373 2278 102,
1382 2203 1463 2266 Deo.
1477 2207 1559 2284 181).

220 2513 419 2581 DOCXXVI.
449 2552 484 2562 -
512 2509 687 2583 nomint
716 2511 825 2584 Gom.
854 2509 1136 2604 Luembmssi
1165 2508 1399 2582 Sententia.

601 2709 687 2781 1244,
708 2725 808 2770 mense
830 2707 1012 2786 Septembri.

122 2891 319 2971 Sententia
346 2889 496 2970 Henrioi
525 2889 673 2970 comitis
699 2889 965 2994 Luxemburgi
986 2916 1059 2991 qua
1086 2901 1205 2968 terrae
1239 2921 1255 2959 o
1275 2889 1321 2968 de
1343 2889 1560 2969 Creveeoeur

40 3023 80 3088 et
110 3012 159 3089 de
187 3009 333 3100 Artena,
355 3043 372 3081 4
405 3035 480 3088 444
505 3036 590 3089 oum
619 3039 646 3089 n
675 3007 837 3088 marchis
858 3009 1013 3113 argenti,
1038 3007 1300 3108 adjudicantur
1327 3008 1492 3088 Thomna
1512 3009 1558 3087 de

39 3127 234 3209 Sahaudia
262 3128 388 3208 comiti
426 3128 622 3207 Flandriae
657 3141 694 3207 et
727 3127 925 3207 Johannae
966 3127 1189 3218 comitissae,
1216 3155 1281 3229 pro
1308 3129 1458 3208 damnis
1486 3127 1557 3208 sibi

38 3249 163 3328 illatis
188 3275 212 3325 a
240 3247 427 3326 Matthaeo
455 3247 609 3326 domino
637 3246 683 3324 de
713 3245 955 3325 Montmirail.
985 3245 1242 3325 Interfuerunt
1268 3245 1475 3325 Wolterius
1513 3247 1559 3323 de

36 3367 173 3470 Ligna,
201 3365 406 3444 Bandriens
435 3365 480 3444 de
507 3365 646 3456 Reisin,
676 3363 880 3445 Walterius
909 3365 954 3444 de
982 3363 1148 3454 Bousies,
1170 3365 1277 3468 Hugo
1305 3365 1351 3442 de
1371 3364 1558 3468 Rumigny

34 3485 157 3565 Gilles
186 3485 234 3562 de
261 3483 501 3578 Berlaimont‚
531 3483 997 3563 tvittielm11sdeflaussi
1026 3497 1094 3561 ete.

205 3635 470 3717 (Rninnnaanno,
493 3636 568 3708 hoo,
590 3635 646 3697 eit.
669 3654 739 3716 pag.
762 3638 825 3713 25).

407 3945 623 4012 Dccxxvll.
641 3983 676 3992 -
691 3939 932 4028 nospitium
958 3941 1204 4012 Inuutarnm.

765 4139 852 4212 1244,

121 4322 284 4404 Donatio
311 4348 332 4398 4
358 4322 501 4400 Thema
528 4321 574 4400 de
602 4320 788 4401 Sabaudia
828 4319 965 4398 comite
998 4317 1201 4397 Flandriae
1229 4329 1266 4396 et
1291 4317 1466 4398 Johanna
1492 4345 1555 4396 oo-

36 4443 196 4524 mitissa
225 4441 317 4519 taeta
344 4439 525 4542 Hospiteli
552 4439 776 4519 insularum.

209 4591 567 4675 (Rn1nnnaonno‚Loo.
590 4608 661 4670 pag.
684 4591 747 4668 25).

345 4896 579 4968 Decxxvssl.
608 4935 657 4945 --
685 4891 830 4964 Turris
856 4891 1055 4963 Guilelmi
1083 4891 1264 4964 Soriodi.

388 5095 475 5165 1244,
497 5093 535 5150 29
556 5092 585 5152 d.
607 5089 800 5168 Septembris.
825 5089 894 5149 Ind.
919 5108 965 5150 iv.
991 5085 1213 5152 Oh'amberinoi.

115 5277 313 5362 Amedeus
339 5303 465 5356 eomes
493 5273 699 5354 Sabaudine
718 5285 755 5351 et
774 5271 942 5352 marchio
963 5271 1119 5352 initalia
1147 5283 1276 5351 notum
1298 5271 1383 5352 feeit
1403 5299 1555 5351 conoes-

25 5407 134 5486 sisse
166 5396 368 5478 Guillelmo
396 5392 541 5474 Sariodi
576 5391 797 5472 aedificandi
831 5391 964 5471 turrim
995 5391 1072 5472 sive
1106 5392 1262 5472 domum
1296 5390 1336 5471 in
1376 5391 1457 5473 loco
1489 5392 1553 5495 qui
