4050 6188
447 380 699 448 CAPITULUM
727 382 759 450 S.
789 382 917 448 Persi
945 379 1198 448 INSULARUM
1504 381 1573 444 211

259 764 434 832 DLXXIV.
463 801 499 814 -
527 759 665 853 Aymo
693 760 742 833 de
772 762 868 834 seb.
898 761 1082 850 chcnls
1110 762 1150 833 fl.
1179 759 1385 835 Hsurltll.

542 945 630 1019 urar,
653 947 667 1004 1
689 944 720 1007 a.
743 943 834 1006 rarii.
856 943 946 1023 npuu
968 943 1103 1006 chinon.

127 1127 249 1228 Aymo
263 1124 286 1204 l.
302 1124 493 1228 quondam
510 1123 678 1205 Thomne
694 1124 842 1205 comitis
861 1125 1070 1206 Sabeudiae
1090 1123 1256 1230 assignat
1270 1136 1423 1204 centum
1438 1123 1579 1204 solidos

61 1243 252 1325 bonorum
266 1243 583 1332 Mauriziensinm
595 1256 909 1348 super-receptum
924 1245 1023 1348 quod
1040 1244 1181 1324 debent
1197 1243 1390 1324 annuatim
1407 1243 1580 1324 homines

62 1365 113 1443 de
141 1364 261 1444 Olone
288 1364 398 1444 etde
431 1361 564 1456 Nuria,
592 1376 630 1442 et
661 1390 726 1467 pro
759 1363 913 1443 candela
940 1391 1052 1466 quam
1088 1363 1252 1442 Thomas
1287 1377 1423 1443 comes
1450 1363 1579 1443 ardere

59 1493 152 1563 ante
178 1482 366 1587 capsulam
395 1483 431 1562 S.
458 1480 622 1562 Mauritii
649 1483 903 1564 constituerat.
931 1483 1067 1564 Actum
1094 1495 1152 1562 est
1178 1483 1225 1562 de
1243 1509 1429 1562 consensu
1456 1494 1495 1562 et
1519 1509 1581 1561 vo-

59 1602 209 1682 luntate
237 1603 365 1683 matris
384 1629 473 1682 snae
492 1601 719 1698 comitissae,
739 1613 850 1705 alque
869 1602 1026 1684 Amede'i
1046 1600 1169 1682 fratris
1188 1599 1338 1682 comitis
1358 1600 1579 1682 Sabaudiae.

140 1723 267 1802 Testes
295 1721 500 1802 Herluinus
528 1721 853 1802 Tharantasiensis
880 1717 1201 1824 Archiepiscopus‚
1230 1720 1270 1801 F.
1301 1718 1417 1800 abbas
1443 1720 1490 1801 de
1514 1721 1580 1800 Al·

60 1841 273 1937 tochristo‚
299 1842 339 1920 P.
367 1841 607 1944 cappellanus
639 1841 853 1921 comitissae
881 1838 1111 1929 sabaudiae,
1138 1839 1342 1921 Umbertus
1369 1841 1416 1920 dc
1447 1838 1581 1934 Vitem,

59 1961 188 2066 Guigo
216 1961 262 2041 de
288 1960 468 2040 Amasino
495 1972 534 2040 et
558 1962 599 2040 P.
628 1961 675 2040 de
702 1959 827 2041 Cletis.

204 2113 246 2195 (E
261 2111 337 2176 rab.
355 2113 388 2176 8.
400 2113 542 2175 Mauritii
557 2115 680 2193 Agcnn.
697 2113 789 2175 Edid.
806 2114 967 2176 Orunsnro
981 2117 1011 2176 et
1024 2114 1159 2187 Pronus,
1172 2113 1250 2175 Dou.
1268 2113 1334 2192 Sip.
1352 2113 1437 2174 Mon.
1452 2131 1484 2192 p.
1499 2111 1580 2191 187).

59 2455 227 2523 DLXXV.
248 2493 283 2504 -
303 2453 363 2524 De
392 2449 522 2524 obitu
547 2449 740 2522 Almonis
760 2448 810 2520 dc
835 2449 1063 2521 subaudis.
1089 2451 1245 2523 Domus
1267 2450 1426 2523 flentis
1448 2449 1580 2522 valu.

501 2634 590 2706 1287,
611 2637 649 2695 80
669 2633 700 2694 8.
723 2632 870 2710 Augusti.
892 2632 985 2714 Apud
1006 2631 1143 2697 (thillon.

16 2901 20 2910 ,
149 2818 342 2899 Amedeus
370 2843 496 2897 comes
524 2816 735 2896 Sabaudiae
771 2829 808 2895 et
835 2785 1002 2896 marchio
1036 2815 1075 2896 in
1109 2814 1214 2895 ltalia
1248 2814 1434 2918 promittit
1461 2813 1583 2895 adim-

62 2939 174 3044 plere
201 2934 446 3040 obligationes
468 2935 649 3037 Aymonis
667 2933 788 3015 fratris
815 2934 874 3014 sni
902 2961 989 3039 erga
1006 2933 1162 3014 domurn
1188 2933 1325 3013 Montis
1342 2933 1453 3024 iovis,
1472 2932 1581 3013 sicuti

60 3083 243 3161 expresse
271 3055 310 3135 in
338 3065 438 3134 carta
465 3054 581 3157 ipsius
609 3053 791 3157 Aymonis
819 3053 966 3157 plenius
993 3055 1215 3133 continetur.

232 3209 273 3290 (E
295 3207 372 3270 ¹l'ub.
388 3207 526 3289 Hospitii
546 3207 579 3270 8.
596 3206 757 3268 Bernerdi.
782 3207 955 3280 Genunuo,
970 3207 1049 3268 Duc.
1070 3207 1197 3288 relatisc
1217 3206 1239 3268 d
1260 3205 1370 3270 l’Hist.
1386 3207 1431 3269 du
1449 3205 1582 3279 Validis,

149 3307 230 3368 Doc.
252 3307 323 3379 420,
345 3324 416 3385 pag.
439 3307 508 3366 828.
531 3305 703 3385 Ayrncn‘ern
724 3304 759 3365 de
774 3303 942 3377 Subnudiu,
959 3303 1013 3383 qui
1036 3302 1233 3366 donationem
1249 3303 1282 3366 8.
1305 3303 1456 3366 Mamilio
1481 3303 1583 3380 Agun-

147 3406 240 3467 nensi
259 3403 332 3466 fecit
352 3402 400 3465 die
427 3402 460 3465 8.
490 3401 588 3475 Julii,
610 3401 659 3463 die
678 3403 717 3462 80
747 3401 878 3479 Augusti
895 3401 962 3478 jum
982 3401 1048 3463 ritu
1068 3397 1214 3464 functum
1235 3419 1296 3464 ausc
1314 3421 1351 3464 ox
1380 3401 1441 3463 hnc
1473 3399 1585 3462 charta

148 3502 310 3566 discimus.
333 3501 418 3563 Obiit
431 3500 498 3562 diro
515 3499 633 3576 morbo,
649 3518 740 3578 quom
755 3499 855 3578 lepras
875 3502 999 3575 vocent,
1016 3501 1198 3580 durcaptum).

243 3841 417 3913 DLXXVI.
439 3879 473 3893 -
494 3837 727 3914 Guilelmus
754 3833 803 3909 8ο
832 3837 927 3910 Sub.
956 3836 1127 3910 Electus
1152 3837 1419 3910 Valentinus.

790 4019 879 4079 lact.

147 4203 358 4288 Concordia
385 4203 482 4283 inter
509 4201 714 4282 Henricum
742 4200 899 4304 Angliae
926 4213 963 4279 et
989 4198 1243 4279 Alexandrum
1273 4199 1419 4280 Scotiae
1446 4227 1586 4306 regem.

57 4327 177 4408 Inter
202 4353 285 4403 xmv
312 4335 424 4404 testes
450 4321 690 4424 subscriptos,
720 4331 844 4400 sertus
870 4319 909 4399 in
942 4319 1074 4398 ordine
1101 4317 1321 4398 Willelmus
1347 4323 1411 4420 (de
1437 4326 1587 4401 Sabou·

57 4451 156 4548 dia)
187 4443 337 4524 Electus
363 4441 598 4522 Valentinus

236 4595 379 4679 (lime,
402 4595 486 4658 Actu
500 4593 577 4674 poi.
599 4595 628 4667 I,
649 4592 678 4667 1,
700 4605 731 4671 p.
756 4595 824 4656 181.

323 4942 513 5050 anxvss.
543 4979 575 4992 -
608 4934 852 5026 capitulum
879 4938 919 5009 8.
946 4933 1066 5009 Petri
1092 4934 1341 5008 Inculsrum.

713 5121 800 5182 1288.
823 5119 949 5184 Insulie.

145 5307 318 5388 Thomas
345 5304 391 5383 de
427 5301 612 5385 Sabaudia
649 5327 775 5380 comes
809 5299 1007 5380 Flandriae
1041 5314 1079 5380 et
1112 5301 1287 5380 Johnnna
1323 5299 1514 5382 comitissa
1541 5305 1587 5385 ad

57 5423 329 5514 dirimendam
357 5421 581 5504 discordiam
609 5419 708 5500 inter
733 5447 773 5500 se
802 5430 839 5499 et
864 5419 1034 5500 Decancs
1062 5430 1100 5500 et
1117 5418 1329 5523 Capitulum
1351 5419 1388 5500 S.
1409 5421 1508 5502 Petri
1526 5421 1589 5503 In-
