4070 6186
1011 1440 1277 1532 burburus
1315 1443 1371 1531 lll

953 1681 1433 1750 mcrxvm-momxxxlx

439 2251 614 2324 Umbertrrs
630 2251 706 2342 III,
720 2253 867 2325 Aurodei
880 2253 948 2325 III
959 2255 1052 2344 fitius
1067 2261 1097 2326 et
1112 2275 1289 2341 successor,
1302 2212 1493 2328 Aottto'ouoe
1512 2263 1623 2346 notus,
1634 2259 1685 2330 ott
1697 2259 1881 2350 perbibent,
1896 2263 1951 2332 sert

397 2451 399 2456 ,
520 2421 610 2471 anuo
632 2399 767 2486 incerto,
791 2401 1022 2492 undetrr‘ur'uto
1045 2423 1151 2472 ounos
1173 2403 1334 2493 renuerit.
1347 2377 1552 2474 'umerorum
1568 2411 1614 2475 est
1624 2405 1777 2496 principi
1788 2405 1950 2496 piissimo,

523 2545 581 2635 qui
604 2545 642 2616 iu
665 2567 816 2616 suorruos
839 2551 1024 2636 temporum
1044 2545 1255 2634 rttsrtoottotos
1269 2547 1501 2635 introituros
1524 2550 1743 2642 antrorumque
1770 2551 1949 2644 otiquomto

519 2691 674 2780 defuisse,
699 2692 819 2782 quibus
842 2693 984 2784 instruis
997 2693 1066 2781 fnit
1082 2693 1278 2764 Luttoor'ous
1293 2693 1351 2764 IX
1374 2693 1588 2766 Francorum
1605 2719 1677 2784 reo,
1693 2697 1832 2786 retatus,
1847 2721 1946 2790 neuere

522 2859 562 2907 oo
583 2835 759 2907 {bobertus
774 2837 851 2922 III,
875 2839 963 2909 iuter
977 2838 1106 2910 Beatos.
1125 2837 1257 2910 Irtrtreo
1278 2845 1484 2929 opportunus
1500 2841 1666 2930 iujurioe;
1689 2865 1782 2930 rom,
1814 2845 1874 2914 etsi
1898 2845 1944 2914 u-
2029 2913 2030 2938 1

520 2983 619 3053 tionis
634 2983 702 3053 sito
718 3005 757 3054 no
773 2988 899 3054 ootoro
920 2989 1035 3074 potens
1057 2989 1143 3070 erat,
1168 2990 1292 3056 uotous
1317 2985 1406 3057 iuter
1430 2985 1649 3058 Frtder·toooo
1673 2987 1699 3058 Ι
1717 2989 1943 3078 imperatorem

521 3133 550 3198 et
574 3128 705 3199 ttotr'em
719 3129 877 3218 civitates,
894 3151 998 3219 quum
1014 3131 1163 3201 mortium
1180 3153 1245 3202 esse
1261 3133 1337 3218 J'om
1354 3153 1484 3222 porum
1503 3132 1624 3222 tioeret,
1649 3135 1742 3224 anio
1763 3135 1943 3223 foederatos

520 3274 556 3344 tu
580 3274 785 3344 cotumutoru
808 3275 910 3368 oeutt2
931 3279 1029 3365 otone
1053 3275 1093 3344 ob
1118 3278 1318 3365 imperatore
1337 3297 1450 3366 provo
1472 3277 1631 3365 fortunae
1649 3299 1773 3368 possus
1802 3285 1858 3350 est.
1887 3281 1941 3350 Art

445 3477 447 3482 .
520 3417 577 3490 too
600 3441 677 3490 euru
701 3441 746 3508 eo,
772 3421 926 3510 quorum's
958 3420 1153 3492 Ateoomtro
1179 3419 1250 3490 ΙΙΙ
1270 3419 1310 3491 Ρ.
1336 3421 1390 3491 Μ.
1421 3424 1656 3512 acceptissimo,
1691 3423 1805 3515 tonnas
1834 3429 1934 3494 tomen

518 3565 665 3636 emeroutt
698 3566 895 3637 tutmtor'ttos
933 3567 1102 3656 episeopus
1134 3565 1365 3654 Tourirreosts,
1396 3569 1491 3658 eique
1524 3567 1743 3654 Anthemus,
1776 3569 1938 3659 episeopus

520 3709 724 3800 Bettieoosts,
748 3712 856 3784 soorr's
879 3712 1064 3783 interdistt.

552 3913 554 3918 .
611 3856 1370 3945 Aerzouotsdofessos‚rtteuosonooobr'r'touoo
1386 3879 1556 3946 uonxxmx,
1570 3859 1761 3952 retorquens
1775 3859 1934 3931 mimam.

515 3981 698 4092 prorutum
722 4003 835 4074 rteoem
859 4023 964 4073 nouos
986 4007 1116 4089 uotum,
1139 4005 1238 4074 tottos
1271 4003 1484 4077 Umbertiuoo
1507 4007 1626 4077 tomos
1648 4005 1805 4078 ootomeu.

528 4396 730 4462 CCXCVHI.
762 4434 792 4442 -
823 4391 1036 4464 Amadeus
1065 4390 1115 4463 ds
1142 4389 1345 4477 Altaripa
1373 4390 1510 4462 tuitor
1537 4389 1731 4464 Umborti
1757 4391 1827 4502 rm.

1091 4594 1178 4666 urs,
1203 4596 1289 4653 1149.

504 4823 519 4860 u
541 4793 634 4872 Cum
654 4804 778 4871 autem
801 4791 1012 4893 praedictus
1033 4791 1279 4884 Humbortus,
1299 4790 1419 4872 morte
1444 4791 1557 4895 patris
1582 4792 1718 4878 auditu,
1743 4791 1919 4870 adbuote-
2025 4777 2026 4784 '

423 4911 579 4992 uerioris
607 4911 738 4990 astutis
767 4910 860 4989 ferre
888 4924 952 4988 aut
980 4910 1135 5013 implero
1164 4911 1363 4990 comitatus
1384 4911 1531 5015 negotia
1562 4938 1635 4990 non
1671 4910 1813 5004 ualeret,
1838 4902 1918 4984 inito

387 5009 390 5024 ¹
421 5030 690 5111 consiliosum
719 5031 809 5123 suis,
839 5058 907 5109 nos
935 5031 1145 5122 mundaum
1174 5031 1274 5133 quod
1306 5031 1453 5121 vellent,
1481 5029 1666 5133 aperiunt,
1686 5043 1727 5109 ut
1754 5025 1913 5109 Comitem

422 5163 459 5228 ot
486 5151 602 5254 ipsius
630 5164 768 5230 terrum
798 5165 1001 5247 tueremur,
1029 5151 1204 5232 obnixius
1232 5148 1418 5252 deprecati
1446 5163 1544 5230 sunt.
1562 5150 1795 5230 Verebantur
1817 5141 1913 5224 etium

422 5270 507 5372 quio
536 5269 566 5349 si
601 5270 693 5350 ltuoi
722 5270 778 5350 vel
820 5269 956 5352 Comiti
997 5298 1063 5351 seu
1102 5270 1283 5351 saeculari
1325 5269 1482 5350 cuilibet
1523 5297 1704 5373 personae
1738 5265 1909 5348 tuitionem

421 5389 525 5469 illum
570 5393 843 5494 permitterent,
878 5389 1031 5470 forsitan
1074 5419 1147 5471 non
1182 5389 1306 5470 fidelis
1342 5403 1459 5487 tutor,
1488 5391 1553 5469 sed
1588 5388 1711 5491 potius
1745 5379 1910 5487 improbus
