4096 6190
473 325 542 390 266
873 321 1069 390 andasta
1096 321 1298 390 OOMITUM
1325 322 1569 392 Statumae

469 562 590 641 larum
618 561 713 642 infra
741 561 877 642 festum
906 561 1154 656 pentecostes,
1181 561 1370 664 praedicto
1400 573 1525 642 brnen
1554 563 1800 644 matrimonio
1828 593 1971 668 praece-

472 683 600 774 dente;
627 681 741 761 donet
767 679 932 762 filiosuo
951 681 1145 761 Manfredo
1165 693 1280 761 totam
1302 693 1437 761 terram
1460 681 1607 786 aPapia
1628 684 1813 786 usquead
1834 684 1971 764 Montes

465 813 503 879 et
530 827 647 902 usque
673 799 720 878 ad
740 800 969 881 maritimum
997 801 1157 890 Januae3
1177 815 1213 879 et
1231 799 1389 881 beatrici
1416 802 1561 880 futurae
1590 801 1696 882 uxori
1715 801 1786 882 filii
1813 805 1875 883 sui
1901 819 1970 882 sta-

469 919 540 998 tuit
567 920 735 999 doarium
764 918 867 999 mille
897 947 1113 998 marcarum.
1143 920 1336 998 Praeterea
1364 920 1557 999 Manlredo
1576 920 1682 1000 dabit
1707 949 1868 1026 regnum
1889 923 1970 1002 Are-

468 1038 621 1132 latense,
650 1039 759 1141 eique
786 1037 875 1118 alibi
903 1038 942 1116 in
969 1039 1128 1140 Imperio
1158 1049 1195 1116 et
1223 1041 1328 1119 terris
1348 1039 1807 1141 suis‚juxtav01untatem
1828 1041 1969 1120 cernitis

469 1155 637 1246 Amedei,
666 1156 864 1261 magnifice
891 1157 1111 1258 providebit.

628 1308 670 1390 (E
691 1308 730 1369 R.
754 1308 829 1396 Teb.
853 1308 1046 1371 Taurineusi.
1070 1309 1279 1383 &renasca
1301 1283 1387 1373 Hoc.
1416 1313 1491 1374 Gen.
1515 1312 1662 1385 Prmoce,
1683 1332 1752 1391 pag.
1778 1315 1844 1392 71).

832 1632 1027 1700 uecuxvt.
1058 1673 1093 1682 -
1121 1631 1274 1703 Petrus
1301 1631 1352 1704 de
1379 1631 1607 1705 sabaudie.

1042 1839 1046 1846 '
1074 1829 1161 1904 1247,
1183 1829 1203 1889 7
1224 1829 1254 1891 d.
1276 1830 1364 1892 Maii.

543 2009 783 2089 Innocentius
812 2009 860 2090 IV
889 2013 924 2089 P.
953 2012 998 2089 M.
1026 2011 1134 2088 Petro
1163 2009 1209 2088 de
1236 2009 1421 2090 Sabaudia
1450 2012 1632 2118 indulget,
1662 2025 1702 2090 ut
1736 2037 1821 2090 cum
1854 2010 1964 2088 nobili

470 2127 624 2206 muliere
652 2141 737 2208 nata
765 2128 901 2209 nobilis
928 2129 995 2208 viri
1014 2127 1159 2208 domini
1177 2128 1224 2208 de
1244 2129 1470 2224 Fulciniano,
1489 2125 1619 2232 quarto
1640 2128 1966 2236 consanguinitatis

468 2247 583 2351 gradu
613 2247 894 2340 nonobstante,
924 2248 962 2328 in
990 2259 1179 2327 contracto
1207 2248 1448 2329 matrimonio
1476 2262 1702 2352 permaneat.

627 2401 791 2480 (Banasa,
813 2402 972 2480 econtra
992 2400 1174 2462 d’Ioooceot
1194 2401 1219 2462 I
1223 2402 1257 2476 V,
1279 2422 1312 2463 n.
1336 2404 1423 2476 2709,
1446 2402 1513 2465 Vol.
1536 2405 1566 2475 I,
1586 2421 1656 2480 pag.
1680 2403 1763 2480 404).

648 2726 862 2794 udetxvrr.
894 2766 926 2775 -
956 2720 1197 2794 reidertou·
1222 2724 1264 2792 Π
1289 2724 1391 2810 Imp.
1420 2726 1463 2794 et
1488 2721 1700 2794 madeus
1726 2724 1798 2794 tv.

922 2917 1010 2990 1247,
1031 2921 1050 2978 8
1071 2917 1100 2978 d.
1124 2917 1211 2978 Maii.
1235 2919 1305 2980 Iud.
1329 2938 1362 2984 v.
1385 2919 1562 2982 Cremonae.

546 3101 768 3195 Fridericus,
795 3101 1047 3179 Romanorum
1077 3097 1286 3202 imperator,
1313 3101 1501 3202 pactiones
1527 3127 1546 3176 a
1582 3100 1772 3180 Gualterio
1809 3101 1853 3178 de
1880 3101 1958 3178 Ocra
2033 3113 2034 3154 ÷

471 3220 598 3300 Electo
626 3222 798 3322 Capuano
825 3230 863 3297 et
889 3246 957 3298 suo
984 3219 1142 3322 generali
1171 3232 1406 3321 procuratore
1434 3246 1519 3298 cum
1547 3219 1715 3297 Amedeo
1744 3218 1881 3299 comite
1906 3220 1960 3296 Sa·

471 3339 631 3418 betuliae
659 3339 768 3417 initas
794 3337 1004 3430 confirmat,
1034 3349 1105 3416 tarn
1135 3338 1180 3417 do
1209 3337 1444 3418 restitutione
1471 3337 1579 3416 castri
1607 3336 1837 3438 Ripularum‚
1855 3365 1952 3439 qnam

471 3459 517 3537 de
544 3456 784 3536 rnatrirnonio
811 3457 909 3536 inter
935 3456 1171 3535 Manlredurn
1200 3456 1320 3536 filiurn
1357 3485 1468 3538 suum
1503 3469 1538 3533 et
1569 3457 1776 3535 beatricem
1805 3457 1954 3558 ejusden

471 3575 619 3654 comitis
647 3575 764 3654 filiam
794 3577 1030 3654 contraendo.

626 3728 668 3806 (E
691 3727 729 3787 R.
753 3728 829 3789 aab.
846 3727 1042 3790 Taurinensi.
1059 3729 1232 3797 Bosuuan,
1249 3729 1326 3806 Rep.
1345 3729 1426 3806 Imp.
1443 3748 1474 3806 p.
1491 3731 1560 3800 205,
1576 3727 1653 3790 Duo.
1673 3730 1762 3790 1129.
1785 3729 1954 3790 Hnruuaun-
2033 3709 2034 3718 ἵ

549 3826 753 3896 Beruenses,
775 3825 850 3887 Hine
870 3825 948 3903 Dap.
972 3824 1130 3887 Fridcrioi
1148 3827 1202 3897 II,
1226 3825 1312 3886 Tom.
1335 3825 1392 3894 VI,
1416 3827 1452 3886 P.
1475 3825 1503 3899 I,
1527 3843 1596 3903 pag.
1621 3827 1704 3902 335).

732 4148 964 4217 DOOLXVIII.
1057 4144 1365 4217 friderica-11
1392 4148 1491 4232 Imp.
1521 4145 1709 4216 Taurini.

1084 4345 1170 4416 1247,
1193 4359 1294 4404 meuse
1314 4343 1408 4421 Majo.

545 4559 561 4591 «
590 4524 793 4625 lrnporator
821 4533 944 4601 rnotus
965 4551 986 4601 a
1006 4525 1189 4603 Cremona
1217 4550 1300 4602 curn
1332 4549 1468 4626 magno
1487 4522 1663 4601 thesauro
1692 4537 1729 4600 et
1760 4521 1881 4601 multis
1897 4519 1948 4596 rui·

470 4641 595 4722 litibus
623 4642 683 4720 die
710 4643 804 4721 lesto
833 4643 868 4721 S.
898 4641 976 4744 Syli
1006 4647 1209 4744 (Cyrilm)
1239 4640 1388 4719 intravit
1415 4641 1587 4743 Papiam,
1616 4651 1653 4718 et
1681 4639 1771 4718 inde
1799 4635 1947 4742 equitavit

469 4760 683 4850 Taurinum,
709 4777 746 4839 et
781 4788 865 4840 cunr
905 4761 1040 4840 cornito
1080 4759 1288 4839 Sabaudiae
1324 4771 1381 4837 est
1417 4758 1573 4855 loeutus,
1602 4758 1662 4838 cui
1692 4756 1946 4860 plurimadona

468 4879 618 4959 donavit
643 4889 729 4982 (pro
756 4896 857 4959 certo
884 4896 1057 4960 cestrum
1078 4885 1334 4979 alpinarum
1372 4882 1408 4954 ei
1448 4883 1687 4981 resipuerat),
1717 4877 1841 4956 volens
1875 4875 1945 4953 ultra

466 4998 626 5102 aggredi,
654 5027 740 5078 cum
770 5000 999 5103 principibus
1027 5010 1064 5077 et
1091 4997 1293 5077 baronibus
1330 4994 1481 5075 Gallicis
1509 4995 1571 5098 qui
1601 5022 1689 5074 eum
1722 4995 1945 5098 expectabant,

467 5115 669 5197 locuturus.
692 5155 708 5185 »

622 5270 782 5349 (Obsonia.
798 5273 834 5333 de
848 5271 939 5333 rebus
953 5272 986 5331 in
1001 5271 1096 5331 Italia
1107 5271 1208 5347 gestia,
1224 5287 1294 5346 pag.
1312 5271 1381 5329 210.
1398 5268 1475 5330 Vide
1489 5267 1861 5337 Hennaeae-Batonius,
1874 5263 1939 5324 atst-

543 5365 623 5444 Dt'p.
646 5366 738 5429 arto.
761 5368 817 5442 II,
840 5367 928 5430 Tom.
952 5366 1009 5440 IV,
1032 5367 1068 5426 P.
1090 5367 1119 5440 I,
1142 5385 1212 5445 pag.
1234 5367 1318 5445 325).
