4198 6190
455 365 498 428 16
863 361 1063 428 Rueesra
1091 359 1293 428 COMlTUM
1323 359 1567 428 sustentare

457 478 902 484 ————-—
920 477 1037 484 —---
1053 477 1096 482 .-
1103 475 1306 482 —.---—.——.
1620 478 1972 485 ———

448 617 600 681 rentum
629 602 908 682 succussionem
936 617 1001 680 aut
1029 601 1101 681 elio
1130 601 1244 680 modo
1273 601 1494 706 contingere
1513 602 1729 681 decernitur
1752 601 1847 681 inlra
1872 600 1975 704 alpes

449 721 652 801 Pinnarum
691 735 727 798 ct
762 722 906 800 llumen
938 722 1080 800 Padum
1117 734 1154 800 et
1181 721 1326 800 llumen
1366 719 1502 800 Duriae
1536 721 1712 802 Bauticee
1739 721 1839 822 quod
1866 728 1974 822 Juxta

446 840 669 943 Eporediam
699 840 826 936 errarit,
857 837 1031 918 videlicet
1058 852 1204 918 curtem
1246 841 1345 943 Orgy
1387 838 1487 917 idem
1529 839 1668 918 Villam
1710 867 1807 941 quae
1836 839 1976 920 dicitur

446 961 495 1038 ed
515 961 552 1039 S.
573 959 790 1064 Georgium,
810 958 964 1053 Canale,
984 955 1259 1048 Martiniacum,
1281 957 1521 1046 Ciceronum,
1546 958 1799 1048 Lusiniacum,
1820 960 1972 1038 Cortem

446 1079 572 1184 Regis,
600 1078 733 1158 silvam
764 1077 976 1172 Fulliciam,
1004 1078 1162 1156 lluvium
1192 1078 1361 1183 Orgium,
1391 1105 1477 1154 eum
1507 1076 1676 1158 Castellis
1703 1091 1792 1172 ete,
1829 1076 1974 1158 seilicet

446 1197 652 1291 delectum,
679 1197 910 1300 Caprariam,
943 1196 1083 1276 Villam
1113 1195 1341 1301 Vigilullum
1370 1223 1455 1274 curn
1485 1195 1576 1276 silva
1596 1195 1763 1276 Gerulfra
1783 1197 1822 1277 in
1842 1223 1915 1300 qua
1935 1212 1975 1276 et

448 1317 719 1396 monasterium
748 1315 864 1396 situm
894 1329 968 1414 est;
998 1315 1107 1396 villas
1136 1341 1285 1418 quoque
1320 1315 1534 1408 Narzeturn,
1576 1316 1795 1408 Leurosum,
1833 1316 1974 1396 Bedol·

445 1437 573 1516 ledum
602 1449 639 1514 et
666 1434 777 1516 Torla
804 1447 840 1513 et
867 1435 1122 1538 campilulfia3
1151 1434 1284 1512 vallem
1312 1433 1424 1512 etiem
1445 1461 1539 1536 quae
1559 1434 1684 1514 Clivus
1710 1434 1860 1532 dicitur,
1894 1463 1972 1515 me·

446 1554 625 1634 dietatem
655 1554 765 1635 villae
794 1554 974 1634 Clavaseii
1002 1581 1087 1634 euni
1117 1551 1269 1631 castello
1298 1553 1481 1631 Castaneo
1509 1552 1603 1632 ultra
1639 1553 1804 1651 Padum;
1838 1553 1972 1634 silvam

446 1701 543 1776 quae
569 1674 689 1753 Valde
723 1673 860 1752 dicitur
895 1699 982 1752 cum
1017 1672 1170 1752 castello
1203 1668 1504 1752 lombardorum
1537 1685 1575 1750 et
1601 1672 1694 1752 silva
1719 1671 1908 1776 Vulpiana
1934 1686 1973 1752 et

445 1820 533 1872 cum
562 1793 674 1874 llario
702 1793 897 1885 Amelone‚
927 1791 1152 1895 appenditiis
1181 1802 1251 1871 ete.

518 1914 609 1992 Octo
648 1939 788 1990 comae.
825 1912 971 1991 Testes:
1009 1909 1242 1991 Gislehertus
1281 1909 1490 1989 vicecomes
1525 1910 1655 1990 Vesuli
1692 1910 1822 2008 Cestri,
1860 1913 1971 2016 Hugo

445 2030 633 2111 ltadeluus
661 2032 807 2134 aliique.

523 2151 549 2228 F
553 2149 757 2230 ulchredus
785 2150 953 2230 notarius
982 2149 1206 2254 recognovit.

605 2302 647 2382 (E
671 2303 709 2363 R.
728 2303 805 2365 aab.
822 2303 1019 2375 Tauricana,
1035 2303 1179 2364 auocata
1202 2305 1237 2364 dt
1260 2303 1294 2365 S.
1311 2304 1462 2380 Beru'pnu,
1482 2305 1572 2364 Fosc.
1589 2303 1617 2377 Ι,
1635 2303 1680 2364 M.
1694 2303 1739 2364 Η.
1757 2303 1793 2363 Ρ.
1811 2303 1922 2365 enarr.
1940 2306 1969 2374 Ι,

525 2400 584 2459 col.
602 2402 669 2459 428.
694 2403 765 2460 Orto
789 2400 974 2470 Guilelmus,
998 2397 1154 2460 Adalbarti
1176 2399 1254 2477 regia
1277 2399 1374 2473 filma,
1399 2397 1576 2476 Borangarii
1598 2397 1632 2458 11
1654 2419 1757 2480 nepos,
1781 2401 1833 2460 eui
1857 2401 1931 2461 Otto
1953 2401 1968 2460 1

496 2559 498 2562 ,
525 2497 688 2574 imperator
710 2499 816 2558 emula
838 2497 919 2558 boue
941 2497 974 2556 in
996 2495 1092 2556 Italia
1114 2495 1356 2567 continuaverat,
1386 2495 1591 2557 Fruatueriee
1618 2496 1691 2574 jura
1721 2515 1777 2558 sua
1809 2498 1969 2570 coneedit,

524 2613 588 2653 ram
609 2614 671 2653 nou
694 2594 800 2666 tradit,
824 2593 946 2672 siquid
972 2594 1070 2654 video.
1101 2592 1190 2654 Tunc
1219 2593 1364 2671 temporis
1392 2595 1425 2653 in
1455 2593 1613 2654 Oomitelu
1642 2591 1838 2671 Eporedienai
1864 2601 1968 2672 polens

521 2695 586 2751 erat
603 2691 762 2754 Oldarreus
776 2691 968 2764 Manlredua,
984 2691 1073 2768 eujus
1095 2689 1246 2752 bonorum
1266 2709 1338 2766 pars
1361 2691 1401 2754 ad
1423 2690 1607 2752 Umbertum
1628 2689 1674 2764 ΙΙ,
1697 2691 1855 2753 Adolaidia
1877 2694 1968 2753 comi·

525 2787 615 2848 tisana
638 2794 789 2866 nepotem,
810 2795 935 2848 exeunte
956 2788 1078 2848 saeculo
1099 2789 1263 2866 pervenit).

715 3209 720 3217 ·
824 3183 973 3252 XLVIII.
1008 3221 1051 3230 -
1079 3179 1286 3253 Beroldm
1313 3179 1364 3250 de
1394 3179 1591 3250 saxonia.

1041 3383 1130 3452 1020,
1154 3395 1255 3440 mensa
1279 3378 1375 3439 Julio.

518 3574 700 3656 Beroldus
727 3575 773 3654 de
802 3576 965 3656 Saxonia
991 3602 1123 3679 prorex
1151 3575 1381 3657 Arelatensis
1410 3602 1474 3679 pro
1502 3602 1587 3680 rege
1608 3577 1872 3678 potentissimo
1895 3579 1964 3658 Ru·

441 3694 582 3795 ‹lulpho
621 3708 659 3774 et
698 3698 865 3798 Augusta
906 3697 1099 3798 Majestate
1144 3695 1380 3798 imperatoris
1429 3707 1576 3774 creatus
1610 3693 1789 3793 vicarius,
1828 3711 1959 3778 notum

440 3813 538 3892 lecit.
567 3816 645 3920 Ego
673 3815 711 3893 in
739 3841 833 3920 pago
853 3814 1066 3908 elnonense,
1085 3815 1124 3896 in
1143 3813 1225 3895 loeo
1245 3814 1345 3918 quod
1366 3814 1504 3894 dicitur
1522 3813 1730 3910 Tallueriis,
1755 3815 1959 3896 Ecclesiam

437 3944 475 4012 et
493 3933 762 4012 Monasterium
781 3935 882 4038 quod
907 3934 1077 4013 fundavit
1095 3933 1279 4014 Dominus
1310 3961 1416 4014 meus
1431 3934 1509 4013 Rex
1535 3934 1581 4014 ed
1610 3934 1795 4014 honorem
1823 3937 1859 4016 S.
1878 3938 1961 4016 Me-

440 4050 515 4131 riae
542 4063 608 4132 ete.
637 4081 722 4132 eum
753 4053 930 4133 omnibus
957 4053 1033 4134 suis
1061 4053 1189 4148 honis,
1217 4053 1356 4146 laudis,
1380 4054 1531 4154 juribus
1560 4067 1648 4146 eto,
1675 4055 1774 4135 sicut
1802 4063 1960 4158 majores

439 4170 553 4250 nostri
590 4172 805 4253 habuerunt
839 4187 878 4253 et
913 4171 1075 4252 maxime
1103 4172 1218 4252 hebet
1258 4172 1380 4253 dictus
1422 4183 1548 4252 noster
1575 4171 1793 4276 imperator,
1827 4173 1864 4253 in
1893 4201 1959 4254 suo

436 4281 538 4371 selv'o
569 4292 773 4397 guardagio
822 4306 859 4372 et
892 4318 1022 4372 secura
1058 4290 1172 4371 tutela
1206 4293 1421 4396 accipimus.
1464 4294 1598 4372 Actum
1637 4292 1675 4372 in
1712 4320 1756 4373 eo
1797 4293 1880 4374 loeo
1913 4295 1958 4373 de

438 4409 636 4492 Tallueriis
663 4411 842 4492 laudante
869 4411 1025 4492 domino
1059 4438 1145 4492 meo
1180 4412 1404 4514 imperatore
1431 4425 1469 4490 et
1495 4413 1623 4516 genito
1652 4440 1736 4494 meo
1764 4411 1956 4494 carissimo

440 4528 591 4626 Ubera,
621 4559 720 4611 enno
748 4559 823 4610 unx
850 4531 921 4612 suh
948 4530 1073 4636 sigillo
1100 4558 1186 4611 meo
1213 4543 1251 4611 et
1276 4531 1384 4636 signo
1411 4531 1588 4611 manuali.

512 4649 663 4751 Copiata
691 4663 748 4730 est
788 4678 901 4754 super
939 4677 1008 4730 suo
1052 4650 1225 4755 originali
1265 4665 1340 4730 tarn
1384 4651 1539 4753 antiquo
1574 4665 1616 4730 nt
1644 4651 1750 4753 plana
1779 4652 1852 4757 legi
1881 4681 1951 4733 non

438 4767 561 4870 possit.
592 4771 759 4849 Jeannes
787 4770 896 4871 prior.

593 4920 656 5000 (Ab
677 4923 814 5001 exemplo
836 4921 951 4983 saeculi
973 4939 1033 4994 xa,
1057 4922 1139 5001 quod
1160 4921 1193 4983 in
1217 4922 1255 4982 R.
1279 4922 1355 4984 rab.
1373 4921 1559 4984 Taurinanai
1573 4923 1764 4986 adservatur.
1781 4925 1820 4985 In
1835 4923 1953 4996 charte,

513 5015 553 5078 ab
567 5016 719 5095 imperito,
736 5039 774 5080 ne
787 5019 890 5080 dicam
904 5019 1068 5080 hordearia
1090 5020 1239 5081 nebulone
1261 5020 1408 5091 eonfiat-a,
1425 5039 1534 5098 parum
1556 5040 1640 5084 nune
1656 5021 1769 5084 attinet
1784 5023 1952 5084 immorari.

518 5113 659 5176 Getarum
690 5115 758 5176 vide
789 5117 835 5178 M.
870 5117 916 5178 H.
952 5117 990 5178 P.
1024 5117 1132 5178 Olrart.
1165 5117 1194 5191 1,
1217 5117 1276 5177 eol.
1300 5119 1382 5195 431).
