4096 6190
453 333 522 396 256
855 330 1049 399 REGESTA
1078 330 1280 398 OOMITUM
1310 330 1554 398 SABAUDIAE

1699 441 1936 452 .—

1698 459 1936 472 ———-.

588 697 819 765 Dccxxxvl.
849 735 884 746 -
912 692 1092 765 'rhomen
1118 691 1168 764 de
1196 693 1291 764 Snb.
1321 690 1510 764 dominus
1537 692 1820 766 Pedenonttn.

940 888 1028 962 1343,
1051 888 1089 948 re
1110 887 1141 948 a.
1165 871 1335 950 reomao}
1358 886 1481 950 Batou.

522 1087 756 1188 Rescriptum
783 1084 941 1166 Amedei
969 1085 1117 1166 comitis
1145 1083 1355 1166 Sabaudiae
1379 1095 1417 1164 et
1443 1083 1671 1166 marchionis
1689 1081 1728 1164 in
1748 1083 1936 1187 Italiaque

446 1209 603 1289 traditur
629 1207 792 1286 Thomae
827 1204 928 1284 fratri
955 1231 1050 1292 suo,
1088 1204 1278 1306 quondam
1306 1202 1433 1282 comiti
1461 1201 1683 1292 Flandriae,
1712 1215 1811 1283 terra
1843 1205 1937 1306 ipsius

445 1324 602 1404 Amedei
629 1324 675 1402 de
704 1321 949 1402 Pedemontio
976 1349 1061 1400 cum
1090 1321 1192 1400 omni
1231 1319 1493 1422 jurisdictione
1521 1332 1559 1398 et
1580 1327 1665 1422 J'ure
1696 1319 1860 1410 consilii,
1885 1349 1936 1400 su·

444 1442 657 1547 perieritate
686 1468 769 1520 vero
795 1467 945 1544 semper
970 1438 1042 1519 sibi
1069 1451 1263 1519 reservata.

603 1610 812 1692 (Pruaorrrua,
835 1608 1003 1671 Zibnldone
1025 1608 1068 1668 M.
1091 1607 1123 1670 S.
1145 1607 1200 1669 fol.
1223 1607 1291 1669 808.
1315 1607 1354 1668 In
1377 1606 1415 1667 R.
1439 1606 1516 1668 aab.
1539 1606 1726 1668 Taurinonri
1746 1607 1934 1686 emanator).

575 1951 821 2020 oooxxxvu.
851 1989 886 2000 -
914 1950 976 2021 De
1002 1947 1183 2036 quonam
1208 1952 1351 2019 mutuo
1380 1947 1557 2022 Gomttin
1584 1947 1836 2021 sabaudiae.

913 2149 1001 2222 1246,
1098 2145 1163 2208 knl.
1186 2145 1306 2207 Martii.
1329 2145 1487 2224 Lugduni.

518 2346 758 2425 Innocentius
786 2346 837 2424 IV
863 2345 902 2423 P.
930 2347 976 2424 M.
1005 2343 1248 2446 petitionibus
1276 2343 1425 2423 comitis
1453 2343 1665 2423 Sabaudiae
1691 2371 1867 2424 annuens
1890 2344 1937 2422 in·

441 2454 579 2566 dulget,
599 2475 640 2542 ut
666 2463 770 2542 mille
785 2463 898 2542 libras
925 2462 971 2541 de
999 2461 1166 2565 pecunia,
1185 2489 1298 2564 quam
1317 2461 1407 2540 olim
1427 2461 1464 2542 in
1485 2461 1710 2541 monasterio
1739 2461 1935 2542 Altaecum·

441 2581 511 2660 hae
537 2580 766 2685 deposuerat,
794 2595 831 2660 et
856 2581 971 2661 abbas
998 2581 1169 2682 ejusdem
1204 2579 1419 2660 monasterii
1456 2579 1585 2659 comiti
1619 2593 1752 2660 mutuo
1785 2581 1936 2670 dederat,

443 2699 586 2780 solvere
614 2727 689 2779 non
719 2711 898 2780 teneatur.

597 2868 639 2950 (E
661 2869 700 2929 R.
724 2869 799 2930 Tnb.
823 2868 1020 2942 Taurinansi,
1045 2869 1136 2930 Bottc
1157 2887 1172 2930 e
1192 2869 1291 2931 Brcot
1310 2867 1381 2929 Ino.
1404 2868 1430 2930 I
1432 2869 1470 2941 V,
1493 2868 1583 2931 Foro.
1607 2868 1637 2941 Ι,
1658 2888 1691 2930 n.
1713 2870 1758 2948 8).

643 3215 913 3284 DOOXXXVIII.
942 3251 977 3262 -
1007 3211 1203 3284 castrum
1228 3207 1447 3302 Argentel.
1476 3209 1523 3282 (t.
1551 3207 1736 3282 sarr-iod.

845 3427 933 3500 1245,
957 3443 984 3485 ιι
1005 3426 1035 3487 d.
1058 3424 1175 3486 Martii.
1198 3424 1291 3503 Apud
1312 3424 1538 3503 Rnppecnlam.

512 3623 700 3703 Amedeus
727 3649 853 3702 comes
881 3621 1089 3702 Sabaudiae
1116 3623 1219 3702 etin
1254 3622 1362 3702 Italia
1395 3622 1564 3702 marchio
1597 3620 1635 3701 in
1673 3633 1932 3726 augumentum

437 3740 541 3822 feudi
568 3741 682 3822 donat
709 3739 910 3820 Guillelmo
938 3739 1087 3820 Sarriod
1114 3742 1300 3843 quaedam
1320 3741 1502 3821 bonasita
1528 3739 1661 3820 subtus
1680 3751 1842 3819 rastrum
1871 3739 1933 3818 Ar·

438 3856 561 3962 gentei
590 3862 628 3940 in
656 3859 739 3940 loco
766 3859 830 3963 qui
858 3858 995 3938 dicitnr
1022 3859 1219 3940 Chauoner
1247 3871 1284 3938 et
1311 3859 1348 3938 iu
1377 3858 1473 3938 valle
1501 3859 1759 3940 Savarenohia.

513 3980 659 4059 Testesz
696 4037 798 4053 .....
814 3979 861 4058 de
889 3979 1116 4081 Ruppeoula,
1144 3977 1375 4058 Vuillermus
1396 3977 1505 4059 miles
1531 3980 1577 4058 de
1596 3978 1745 4060 Cortion
1764 4036 1772 4053 .
1789 4037 1798 4050 .
1817 4036 1824 4051 .
1840 3977 1933 4076 Rup-

439 4096 581 4199 pocula.

509 4216 672 4298 Jacobus
701 4219 877 4319 (comitis)
906 4216 1116 4297 sabaudiae
1145 4216 1311 4296 notarius
1338 4214 1496 4317 scripsit.

592 4387 635 4466 (E
657 4387 733 4449 Tnb.
756 4387 963 4450 Dominorum
983 4387 1121 4450 Sorriodi
1141 4388 1177 4448 de
1198 4387 1309 4449 Introd
1329 4386 1524 4464 &suscripsit
1544 4405 1574 4464 p.
1598 4386 1632 4448 0.
1655 4386 1878 4464 Dnzuzruor).

721 4711 953 4779 DOCXXXIX.
983 4751 1019 4761 -
1047 4709 1109 4779 113
1136 4707 1398 4779 succensione
1425 4707 1656 4778 Bononiae.
1690 4772 1694 4778 .

1016 4904 1104 4974 1245,
1128 4922 1151 4962 1.
1174 4902 1205 4962 d.
1221 4901 1348 4980 Aprilis.

508 5101 754 5207 Praepositam,
783 5104 952 5181 Decanus
973 5115 1011 5180 et
1030 5100 1245 5204 Capitulum
1265 5099 1460 5178 Leodense
1479 5098 1668 5178 Friderico
1685 5100 1930 5180 Romanorum

432 5223 645 5326 imperatori
674 5221 885 5325 supplicant
911 5235 963 5312 ut,
991 5248 1076 5299 cum
1107 5231 1205 5298 terra
1232 5219 1424 5298 Hanoniae
1452 5229 1534 5319 post
1569 5215 1713 5296 obitum
1745 5217 1930 5297 ichaunae

431 5341 642 5421 comitissae
671 5339 879 5432 Flandriae,
908 5339 1074 5420 Thomae
1101 5337 1148 5418 de
1177 5336 1364 5418 Sabaudia
1390 5335 1519 5417 comiti
1547 5336 1747 5417 Flandriae
1771 5363 1931 5438 sponsae,
