4096 6190
446 319 518 384 274
848 315 1045 384 REGESTA
1074 316 1277 385 GOMITUM
1304 315 1547 386 sementen
1680 317 1682 320 ’

580 677 778 746 1108110111.
807 713 843 726 -
870 674 1029 747 rhomo
1056 674 1107 747 do
1134 675 1232 748 lob.
1259 675 1461 747 vrsano·
1486 674 1705 767 generalis
1732 676 1836 763 nup.

821 871 909 944 1248,
931 889 1032 934 mense
1053 868 1229 933 Novembri.
1251 869 1322 931 lod.
1344 887 1395 930 vn
1416 867 1574 931 torsellis.

519 1053 740 1148 Frirlerions,
773 1053 1030 1133 Romanorum
1064 1051 1274 1154 imperator,
1311 1048 1489 1130 comitem
1524 1047 1770 1128 Thomasinm
1805 1048 1853 1130 de
1887 1049 1939 1130 sa-

441 1171 576 1252 beodia
604 1171 794 1252 lliooriom
821 1171 1034 1276 generalem
1063 1169 1213 1274 Imperii
1240 1197 1262 1250 e
1289 1167 1401 1272 Pepie
1426 1167 1597 1270 superins
1624 1167 1832 1248 constitnit.

515 1291 650 1371 Aetnm
677 1301 716 1370 et
741 1291 870 1369 dotum
898 1292 1030 1370 eodem
1059 1287 1131 1369 die.

600 1440 642 1516 (11
665 1439 703 1502 R.
727 1438 805 1504 st.
827 1439 1022 1515 Tourinmri,
1045 1440 1184 1518 Dtptom.
1208 1437 1408 1518 Insperlollo.
1432 1437 1523 1500 Fuso.
1545 1438 1575 1510 Ι,
1596 1457 1630 1498 ιι.
1653 1439 1719 1514 20).

946 1746 1128 1815 Dcoxov.
1158 1785 1193 1798 -
1221 1741 1443 1832 Eporeoto.

820 1937 907 2012 1248,
928 1955 1029 2004 menso
1050 1937 1226 2006 Novembri.
1247 1937 1318 1998 Ind.
1341 1957 1403 1998 vn.
1425 1937 1582 2001 Verosllis.

522 2117 742 2206 Frideriens,
770 2119 1024 2196 Romanorum
1065 2114 1283 2220 imperator,
1310 2113 1439 2194 nomiti
1466 2116 1526 2227 'de
1567 2114 1768 2212 Sabandie,
1797 2127 1836 2194 et
1863 2115 1942 2196 liliis

446 2244 527 2340 ojus
554 2235 732 2341 legitimis
760 2235 951 2337 utriusque
977 2261 1087 2314 sexus
1115 2234 1152 2314 in
1181 2243 1401 2337 perpetuum
1438 2233 1476 2313 in
1511 2249 1655 2315 reolum
1684 2234 1840 2314 lendum
1867 2235 1945 2314 eiri-

446 2369 560 2436 tntem
589 2353 808 2454 Eporediam
849 2379 936 2432 eum
976 2351 1185 2432 rationibus
1224 2363 1262 2430 et
1300 2351 1534 2454 pertinentiis
1562 2358 1643 2454 eJ‘us
1670 2352 1854 2446 oonoedit,
1878 2353 1941 2432 sub

447 2471 661 2554 ronditione
690 2471 880 2552 fidelitatis
907 2484 944 2550 et
970 2469 1109 2550 servitii
1138 2469 1294 2574 imperio
1322 2469 1538 2552 exhibendi.

523 2593 656 2671 Actum
684 2605 723 2669 et
749 2592 877 2670 datum
907 2589 1040 2670 eodem
1068 2589 1139 2668 die.

606 2742 648 2823 (Ε
670 2741 709 2803 Β.
732 2741 809 2805 rab.
832 2741 1028 2818 Τιιιιίιιοιιιί,
1051 2742 1128 2821 Dlp.
1150 2742 1349 2822 Imperiolr'o,
1373 2743 1464 2805 Fuso.
1485 2743 1514 2815 1,
1536 2763 1570 2804 n.
1592 2746 1636 2824 9).

762 3049 959 3118 ncoxevt
988 3089 1023 3098 -
1051 3045 1261 3134 eporedia
1289 3052 1332 3118 et
1360 3046 1647 3134 consororum.

865 3245 953 3318 1248,
975 3263 1076 3307 mones
1098 3243 1177 3306 Nor.
1199 3243 1271 3304 Ind.
1294 3263 1356 3305 ιιι.
1379 3241 1534 3305 Verosllis.

522 3424 744 3520 Friderioos,
771 3426 1026 3504 Romanorum
1054 3422 1267 3524 imperator,
1300 3420 1429 3501 eomiti
1462 3419 1663 3501 Thomesio
1691 3421 1738 3502 de
1766 3420 1939 3502 Sebemlia

447 3555 484 3623 et
512 3542 599 3623 liliis
626 3549 707 3644 ejus
734 3541 912 3642 legitimis
940 3539 1133 3644 utriusque
1160 3567 1269 3620 sexus
1301 3539 1340 3620 in
1375 3551 1519 3618 reotnm
1550 3539 1704 3620 lendum
1737 3540 1876 3621 confert
1899 3539 1942 3618 ri·

448 3662 598 3741 vitatem
627 3661 848 3764 Eporediam
877 3688 951 3740 une
985 3687 1072 3740 oum
1108 3658 1295 3739 territorio
1329 3657 1526 3761 Cenopioii.
1555 3664 1635 3760 ejus
1664 3659 1893 3762 pertinentiis
1912 3673 1942 3737 et

446 3783 550 3860 omni
577 3780 720 3860 ratione
747 3780 792 3860 ed
819 3807 859 3860 se
885 3792 923 3859 et
950 3778 1155 3883 Imperium
1182 3790 1373 3880 spectante
1401 3779 1439 3857 in
1467 3791 1629 3858 oestrum
1660 3779 1708 3858 de
1737 3779 1887 3860 Leneeo.

523 3901 659 3979 Aetnm
686 3913 724 3978 et
748 3898 876 3978 dotum
905 3898 1039 3978 eodem
1066 3897 1138 3977 die.

606 4051 648 4133 (E
670 4052 708 4112 R.
731 4051 808 4113 rob,
831 4051 1027 4124 wastinensi,
1050 4051 1188 4130 Dlplom.
1212 4052 1295 4130 Imp.
1320 4051 1411 4113 Foso.
1433 4051 1461 4126 1,
1484 4072 1516 4114 n.
1542 4054 1603 4130 12).

589 4358 803 4426 1100110111.
841 4398 868 4408 -
896 4357 1007 4426 Pons
1034 4353 1347 4430 Montisoolerii
1375 4360 1419 4426 et
1447 4356 1644 4429 castrum
1671 4357 1813 4430 votus.

832 4550 920 4622 1248,
944 4569 1046 4612 mense
1068 4549 1218 4612 Novemb.
1241 4551 1310 4612 Ind.
1333 4571 1393 4612 vn.
1417 4553 1575 4615 Veroellis.

527 4728 747 4810 Frederious
774 4729 808 4807 ll
847 4729 952 4810 llom.
994 4729 1196 4830 imperator
1233 4730 1432 4811 Themesio
1470 4731 1518 4812 de
1545 4731 1733 4814 Sehnodin
1760 4734 1886 4814 eomiti
1919 4745 1950 4810 et

451 4846 728 4955 consanguineo
755 4875 823 4926 suo
860 4848 1024 4926 Montem
1062 4846 1261 4942 Celerium,
1288 4859 1441 4950 pontem
1475 4878 1561 4930 enm
1590 4865 1703 4939 torre.
1731 4867 1771 4932 et
1796 4865 1950 4934 oestrum

451 4979 556 5166 retnis
583 4991 669 5046 oum
696 4964 913 5055 honoribus
941 4964 1103 5065 juribus,
1133 4965 1471 5067 jurisdictionibus
1500 4981 1570 5048 eto.
1598 4975 1713 5050 tlonat
1740 4973 1779 5051 in
1814 4984 1949 5051 rentum

452 5085 514 5170 teu
544 5111 621 5164 nm.

526 5204 670 5283 Testes:
700 5201 915 5282 Menfredns
943 5202 1109 5281 merohio
1136 5202 1305 5293 Leneiee
1322 5204 1484 5286 Jooobns
1514 5207 1684 5287 merohio
1710 5208 1758 5288 de
1783 5210 1952 5293 Cerrottn

451 5346 563 5426 gener
588 5319 676 5423 imp.
694 5321 826 5402 Petrus
853 5320 899 5398 de
927 5319 1094 5400 Celebris
1112 5321 1350 5402 meresenlioo
1370 5324 1555 5428 magister,
1584 5323 1732 5407 Riooius
1751 5327 1799 5408 de
1817 5327 1953 5406 Monte
