4096 6190
872 334 1068 402 Ruuasua
1097 336 1301 405 OOMITUM
1330 337 1574 406 sassaumaa

473 455 605 466 ..-a-...—
612 461 780 468 .—--.-...

470 569 606 652 dieitur
631 571 790 668 Serioth‚
818 587 855 654 et
880 575 1112 658 sublimandi
1141 592 1253 681 atque
1280 577 1530 660 merlifioandi
1558 581 1705 676 turrim,
1726 607 1838 684 quarn
1862 581 1945 661 habet

469 693 564 794 apud
595 701 759 772 castrum
777 695 985 800 Argentum
1012 699 1059 775 ad
1087 697 1238 778 libitum
1273 726 1397 779 suum.

542 811 691 890 Testes:
722 814 952 894 Humbertus
978 815 1025 895 de
1051 817 1222 907 Sabello,
1252 816 1417 899 Sibodus
1435 819 1602 915 Rabona,
1625 819 1789 910 milites;
1810 821 1945 899 Andreas
1994 849 1995 914 j

445 928 635 1009 ‘Chabodi
664 942 701 1010 et
726 931 850 1034 plures
877 933 954 1013 alii.

628 1082 670 1164 (la
692 1083 767 1145 Tab.
788 1083 881 1146 Dom.
904 1084 1026 1148 Sariodi
1047 1088 1083 1149 de
1102 1089 1136 1150 la
1157 1088 1240 1150 Τοιιι
1261 1092 1457 1172 transcripsit
1476 1093 1552 1156 Gan.
1574 1092 1622 1154 Io.
1644 1094 1671 1155 A
1693 1092 1791 1168 Gar).

832 1430 1033 1501 ucoxxlx.
1065 1471 1100 1482 -
1129 1429 1294 1503 civitas
1321 1429 1606 1502 Taurinanaia.

1182 1627 1269 1688 1244.

545 1803 793 1884 Taurinenses
819 1831 860 1884 se
886 1805 1144 1886 submiserunt
1171 1807 1307 1888 Comiti
1334 1808 1556 1889 Sabaudiae.

628 1955 817 2038 (Chronioon
837 1961 925 2019 vatus
947 1956 1063 2019 Oherii.
1077 1959 1257 2031 Ὀιιιιιιο,
1280 1959 1387 2022 uento
1407 1961 1442 2022 aa·
1465 1962 1581 2035 (litori,
1604 1961 1649 2035 11,
1673 1981 1701 2039 p.
1724 1964 1808 2040 854).

764 2301 947 2370 DCCXXX.
977 2341 1011 2352 -
1040 2299 1342 2372 Menanter-lum
1369 2297 1420 2372 de
1447 2300 1687 2388 Harquatta

1021 2496 1109 2569 1244,
1131 2515 1233 2558 mensa
1253 2497 1425 2559 Deosmbri.

545 2677 704 2757 Donatio
730 2705 750 2756 a
778 2678 922 2757 Thomu
948 2678 994 2758 da
1021 2679 1208 2758 Sabaudia
1235 2679 1370 2758 comite
1390 2679 1587 2760 Flandriae
1606 2693 1644 2760 et
1660 2681 1836 2761 lohanna
1852 2679 1948 2760 ooni-

473 2795 560 2877 lissa
586 2796 681 2877 faeta
708 2798 935 2877 monasterio
965 2830 983 2868 ι
1010 2800 1064 2877 De
1092 2799 1308 2900 Marquette.
1330 2831 1347 2870 n

632 2949 895 3030 (Burmannus,
918 2951 993 3012 Ima.
1017 2951 1071 3012 ait.
1094 2970 1164 3030 pag.
1189 2953 1251 3028 26).

548 3298 749 3365 Dccxxxl.
770 3337 804 3345 -
826 3253 896 3366 ob.
925 3294 1146 3365 rabennae
1175 3295 1284 3365 Gom.
1314 3292 1541 3367 flandrias
1569 3300 1613 3366 at
1639 3293 1896 3366 Hannonlas.

1025 3493 1111 3563 1244,
1135 3493 1152 3549 5
1174 3491 1204 3551 d.
1228 3490 1416 3554 Decembris,

545 3667 646 3748 Obiit
670 3668 844 3749 lohanna
871 3670 1059 3750 eomitissa
1091 3670 1290 3750 Flendriae
1324 3682 1361 3751 et
1396 3673 1587 3752 llanoniae
1615 3699 1709 3752 ιιιοι
1735 3673 1898 3752 Thomee
1920 3669 1952 3744 sle

473 3787 660 3868 Subaudiu
687 3787 846 3867 comitis.

629 3942 780 4023 (Thomas
799 3944 835 4005 da
856 3941 1011 4006 Sabaudia
1032 3961 1131 4004 aomos
1146 3943 1345 4007 Flandronais
1365 3945 1425 4024 (ait
1440 3945 1583 4006 Jaooaus
1604 3945 1640 4007 ds
1661 3945 1795 4022 (larsa),
1807 3947 1878 4020 jura
1890 3947 1915 4002 et
1927 3941 1951 3999 li·

549 4039 678 4102 hortatos
691 4039 853 4103 eivitatum
869 4061 884 4099 ι
900 4040 1061 4118 magnifiee
1075 4040 1253 4102 defensavit.
1271 4065 1286 4103 ι
1303 4063 1319 4102 ι
1335 4042 1450 4105 Gratus
1464 4046 1529 4104 arat
1545 4041 1703 4112 Flandris,
1715 4042 1830 4122 (inquit
1842 4041 1953 4100 Mans·

549 4139 671 4214 totoque
690 4155 745 4198 suo
765 4141 896 4216 tempore
916 4139 951 4199 in
971 4137 1166 4217 prinoipatus
1186 4138 1454 4201 administratione
1474 4142 1616 4201 strenuus
1635 4141 1665 4200 et
1685 4138 1794 4200 fidelis.
1810 4137 1953 4218 (Annulo.

550 4233 603 4295 lol.
626 4234 689 4310 74).
714 4258 729 4295 n
746 4255 761 4293 ι
778 4235 943 4296 Strenuum
959 4233 1164 4312 Flandrisqua
1184 4237 1307 4311 gratum
1323 4259 1338 4296 ι
1353 4254 1424 4297 eum
1438 4236 1652 4297 Manoaumus
1666 4237 1806 4296 testatur.
1822 4234 1861 4294 V.
1878 4233 1953 4292 Bau·

550 4349 710 4392 sansana.
727 4331 788 4393 Leo
801 4333 951 4393 relations
965 4339 1049 4393 eastre
1065 4333 1096 4392 lo
1111 4331 1260 4408 Belpipue
1277 4339 1304 4392 et
1326 4333 1357 4393 lo
1374 4331 1505 4412 sauoye,
1522 4333 1580 4393 loo.
1597 4332 1651 4395 uit.
1667 4351 1738 4410 pag.
1751 4335 1779 4404 9,
1797 4333 1849 4408 qui
1871 4330 1952 4390 adlit:

630 4450 646 4489 ι
668 4427 711 4490 aa
733 4438 832 4490 oomte
855 4429 988 4490 Thomas
1009 4428 1127 4489 soallait
1148 4447 1193 4490 ses
1213 4428 1335 4490 ohartss
1356 4433 1385 4491 et
1409 4429 1511 4491 lettres
1531 4429 1568 4490 da
1587 4429 1740 4506 plusieurs
1759 4446 1870 4489 soeaux
1888 4425 1953 4485 dille

546 4529 629 4587 rents
650 4544 721 4588 aveo
742 4527 919 4587 oontrososl.
943 4525 993 4585 En
1015 4525 1150 4587 Flandre
1169 4525 1194 4585 il
1213 4525 1332 4588 saellait
1355 4527 1372 4586 a
1394 4525 1502 4588 ohaval
1523 4527 1553 4587 et
1573 4544 1639 4586 aux
1660 4543 1758 4586 armes
1778 4525 1814 4586 ds
1828 4523 1953 4584 Flanon-

548 4625 605 4683 Les
627 4623 789 4702 privileges
817 4622 895 4701 qu’il
916 4622 1019 4684 donna
1041 4639 1102 4683 aux
1122 4621 1281 4684 habitants
1302 4622 1338 4683 de
1361 4621 1502 4684 Chabora
1517 4640 1559 4683 an
1581 4623 1657 4682 lasa
1671 4625 1742 4683 sont
1761 4621 1866 4682 suellos
1883 4617 1945 4680 ainsi

629 4739 645 4779 ι
668 4720 747 4782 Mais
767 4721 790 4781 il
810 4721 913 4799 parsit
942 4739 978 4782 sn
1007 4719 1150 4781 Hainaut
1171 4719 1194 4779 il
1217 4721 1348 4798 pressait
1372 4720 1402 4781 la
1427 4719 1511 4781 oroix
1532 4720 1568 4781 da
1600 4719 1725 4791 Samia,
1749 4720 1766 4779 a
1788 4717 1912 4797 laquelle
1927 4715 1956 4773 le:

549 4817 669 4880 Oomtes
680 4818 715 4879 de
725 4835 759 4878 sa
773 4817 896 4878 Maison
912 4817 1098 4896 preleraient
1111 4817 1192 4878 alors
1206 4836 1250 4877 un
1265 4817 1344 4894 aigle
1357 4817 1473 4896 6ployi,
1487 4834 1538 4877 oar
1552 4834 1630 4876 nous
1646 4814 1742 4876 lisons
1756 4815 1831 4877 dans
1842 4815 1954 4890 Jasqm

550 4916 585 4977 ds
607 4916 727 4994 Guysa:
746 4935 762 4974 ι
778 4921 806 4976 el
817 4914 919 4992 primo
932 4915 1101 4988 ordinauit,
1117 4914 1161 4974 ad
1173 4913 1225 4974 aui
1237 4913 1369 4975 nominis
1383 4914 1563 4974 memorium
1577 4912 1716 4991 sigillum
1727 4914 1824 4974 armis
1833 4909 1954 4990 proprii-³*

548 5013 728 5092 insipentiam
748 5030 817 5072 oum
837 5029 936 5084 nuos,
958 5013 992 5071 in
1012 5019 1114 5072 austro
1135 5019 1164 5073 et
1185 5011 1263 5072 uilla
1284 5011 1449 5084 Mosteni,
1471 5011 1551 5089 quos
1572 5027 1666 5088 usque
1680 5011 1723 5070 ad
1736 5011 1880 5072 neodem
1893 5021 1955 5084 pff*

547 5117 650 5172 manet
670 5117 819 5187 tempora.
844 5132 860 5170 ι
883 5108 927 5167 M.
950 5107 1097 5178 Lautulas,
1120 5107 1286 5169 archiviste
1306 5107 1342 5169 ds
1363 5108 1394 5168 la
1414 5107 1490 5169 villa
1510 5107 1547 5167 da
1567 5105 1657 5166 Mons
1678 5109 1708 5166 at
1728 5107 1764 5167 ds
1783 5107 1814 5167 la
1828 5103 1955 5184 prasinos

547 5208 583 5269 de
602 5207 764 5268 Hainaut.
780 5251 810 5266 ..
833 5207 898 5266 m’a
920 5203 1040 5265 affirma
1060 5223 1118 5283 qua
1138 5205 1166 5266 le
1188 5222 1276 5265 sesan
1297 5205 1426 5266 n'existo
1447 5205 1529 5285 plus.

628 5325 643 5364 ι
660 5303 785 5365 Davenu
797 5303 869 5365 veui
877 5303 919 5382 (le
932 5301 1037 5363 Oomta
1048 5301 1198 5380 Thomas)
1214 5301 1236 5363 il
1251 5301 1390 5379 ohangsa
1405 5301 1614 5381 l'insoription
1629 5302 1665 5363 de
1679 5321 1734 5364 aon
1747 5317 1846 5372 sassa,
1858 5299 1893 5360 ob
1906 5296 1954 5356 ilse

550 5407 692 5463 contenta
713 5402 748 5462 do
768 5421 876 5479 graver
898 5400 1046 5478 Sigillum
1071 5400 1203 5460 Thomas
1223 5398 1494 5474 bruslondinse
1514 5399 1667 5463 substitus
1680 5399 1759 5462 dana
1772 5400 1799 5460 le
1812 5391 1953 5458 manasei
