4070 6186
540 297 543 304 Ι
569 353 786 420 RIBALDUS
814 352 871 417 DF}
899 347 1086 417 RIPALTA
1519 345 1588 408 109

995 460 1293 469 -...,———----

82 470 262 479 ,..—-—-—.
278 470 332 475 -.-
383 469 404 474 --ι
423 465 994 476 ..—-——---———-———-
1385 477 1415 483 .-

966 479 1218 488 ...-.-—-——-——-——-
1241 479 1265 483 -·-
1336 479 1384 483 ---
1418 475 1561 483 ω·-

78 607 110 672 et
133 621 260 673 avarus
288 607 447 686 exactor,
485 593 642 697 propriis
685 592 909 673 utilitatibus
950 589 1215 670 consulens...
1256 584 1386 688 pupilli
1414 583 1589 664 haeredi-

80 727 183 790 tatem
212 740 415 816 pauperem
443 727 481 792 et
507 714 659 815 inopem
688 712 722 791 ei
749 711 991 813 relinqueret.
1008 769 1042 796 .,
1076 709 1189 787 Nos..
1209 768 1215 780 .
1238 707 1374 784 crebra.
1394 765 1427 780 ..
1460 704 1590 806 depre-

79 831 215 910 catione
243 831 342 920 ssexi
372 847 419 912 et.
437 892 443 905 .
462 893 470 908 .
487 833 746 936 religiosorum
777 829 943 910 virorum
962 826 1200 932 persuasione
1229 823 1410 926 compulsi
1441 837 1478 902 et
1504 822 1591 925 quia

80 956 111 1028 in
140 951 361 1031 Umlrertnm
382 943 575 1033 ‘Comitem
617 968 654 1031 et
682 963 827 1054 patrem
868 950 984 1052 ipsius
1033 945 1238 1027 amicitiam
1282 970 1430 1046 semper
1457 941 1590 1023 habui-

79 1099 167 1164 mus,
195 1071 441 1152 ...tuitionis
469 1072 705 1174 suscepimus
734 1098 874 1151 curam.
905 1103 922 1140 n

226 1259 289 1341 (Ex
320 1261 434 1322 notitia
465 1280 558 1340 supra
589 1262 732 1323 Auream
763 1258 903 1320 tabulam
925 1258 1156 1335 Aponocaaem,
1179 1254 1216 1316 do
1236 1273 1299 1332 qua
1320 1253 1390 1315 vida
1412 1251 1451 1314 ad
1473 1271 1591 1315 annum

151 1374 226 1428 uon,
249 1376 270 1415 n
275 1401 479 1420 .......
503 1359 711 1430 Gurcnnuou,
734 1357 884 1428 Pronoea,
908 1374 939 1434 p.
962 1355 1026 1432 38).

170 1768 338 1838 ooxdlx.
370 1809 402 1816 -
433 1765 642 1838 Ribaldua
670 1765 720 1838 da
748 1762 940 1852 Ripalta.
972 1760 1171 1836 consulas
1199 1707 1488 1832 Taurinenses.

503 2040 515 2050 .
601 1967 1026 2062 1149‚1Ju1ii.1nd.xu.

145 2215 264 2294 Breve
291 2212 576 2294 recordationis.
603 2212 787 2293 Ribaldus
815 2212 861 2291 de
888 2210 1036 2316 Ripalta
1057 2219 1094 2289 et
1111 2209 1217 2288 cives*
1232 2207 1484 2288 Taurinenses
1501 2233 1592 2286 con-

75 2335 227 2412 veniunt
253 2335 354 2436 quod
383 2333 565 2413 llilraldns
594 2333 739 2412 habitet
777 2331 930 2412 Taurini
970 2359 1035 2434 per
1062 2329 1208 2408 tertiam
1239 2339 1381 2431 partem
1410 2327 1499 2406 anni
1527 2353 1592 2428 per

74 2481 244 2556 guerram
264 2452 426 2548 assidue,
448 2465 601 2554 excepto
621 2478 882 2556 perguerram
902 2451 1070 2547 Comitis,
1096 2449 1165 2529 nisi
1193 2461 1387 2528 remaneat
1406 2473 1470 2549 per
1490 2447 1592 2526 Con-

79 2573 183 2662 sules,
212 2571 441 2676 promittens
469 2599 508 2651 se
536 2599 707 2674 guerram
739 2599 825 2650 eom
854 2568 1151 2650 Taurinensibus
1177 2567 1363 2648 facturum
1390 2582 1428 2646 at
1454 2567 1501 2646 de
1528 2565 1593 2645 Ri-

74 2691 165 2790 palta
193 2705 235 2771 et
262 2693 309 2770 de
336 2692 453 2770 Trana
483 2707 520 2769 et
546 2692 592 2771 de
620 2718 688 2771 suo
720 2717 827 2793 posse
869 2689 1048 2770 omuibus
1089 2688 1272 2792 personis,
1312 2686 1414 2766 salva
1446 2685 1591 2786 justitia
1719 2755 1722 2762 ,

73 2810 259 2890 Guall'redi
288 2822 325 2890 et
351 2838 506 2890 suorum
534 2811 830 2914 propinquorum
850 2809 1056 2896 Guillelmi‚
1085 2808 1277 2888 Guallredi
1306 2827 1344 2886 et
1370 2804 1540 2886 Amedei.
1565 2805 1593 2883 E

72 2956 249 3010 converso
278 2931 528 3010 Taurinenses
565 2938 696 3032 J'urant
722 2930 884 3009 Ribaldo
923 2957 963 3008 se
999 2929 1204 3008 salvaturos
1232 2954 1314 3007 esse
1346 2953 1481 3005 omnes
1507 2951 1592 3004 suas

75 3054 329 3149 possessiones
357 3063 396 3129 et
418 3057 515 3152 jura,
543 3050 654 3128 salvis
681 3051 927 3128 sacramentis
953 3050 1134 3152 Episcopo
1163 3047 1200 3126 in
1234 3045 1375 3150 Ripolis
1410 3045 1529 3138 l'actiS,
1557 3057 1593 3123 et

76 3169 298 3249 Astansihus
326 3182 364 3247 el
390 3167 706 3248 Vercellensibus.
733 3169 888 3272 Propter
915 3167 1013 3271 quod
1042 3166 1290 3246 Taurinenses
1317 3165 1408 3244 dant
1433 3162 1594 3244 Ribaldo

77 3288 198 3368 decem
232 3289 348 3368 libras
375 3288 415 3368 in
445 3317 518 3367 una
560 3289 674 3368 domo
703 3299 741 3366 et
768 3302 905 3366 terram
947 3314 1061 3390 quam
1103 3286 1345 3366 Gendicenus
1373 3283 1526 3364 tenebat
1553 3283 1590 3362 in

75 3419 163 3486 terra
192 3407 365 3502 Taurini;
392 3423 583 3510 praeterea
610 3407 797 3486 dederunt
824 3408 856 3486 ei
887 3407 924 3486 in
954 3406 1062 3486 Clusa
1090 3405 1323 3500 Taurinensi‚
1351 3404 1383 3483 si
1411 3403 1594 3483 haberent

74 3553 212 3606 verram
244 3555 330 3606 cum
361 3528 518 3621 Gemite,
555 3539 739 3630 quantum
769 3525 994 3606 Guallredus
1023 3524 1076 3605 iti
1096 3525 1221 3604 hahet.
1249 3525 1321 3602 Per
1347 3549 1475 3624 pacem
1504 3523 1594 3602 dant

73 3644 101 3723 ei
132 3675 339 3726 nummum
359 3674 478 3726 unum
502 3663 539 3724 et
558 3646 660 3726 aliud
680 3674 746 3749 pro
767 3673 996 3749 unoquoque
1015 3645 1209 3740 messella,
1227 3658 1265 3724 et
1283 3643 1356 3722 hoc
1372 3649 1457 3744 jure
1476 3643 1593 3741 feudi,

71 3763 210 3868 etipse
239 3765 466 3846 fidelitatem
495 3765 549 3845 eis
576 3766 696 3847 facere
726 3766 848 3845 debet.

143 3903 312 3990 Interea,
339 3903 370 3982 si
399 3901 609 3982 discordiae
650 3905 748 3982 inter
774 3930 838 3982 eos
865 3902 1064 3994 orirentur,
1099 3900 1258 3980 consilio
1287 3899 1432 3980 abbatis
1460 3901 1495 3980 S.
1526 3901 1592 3979 So·

70 4020 198 4102 lutaris
227 4043 267 4103 et
294 4022 485 4103 Guall'redi
515 4023 692 4102 etunius
728 4022 1020 4104 exconsulibus
1049 4021 1346 4102 Tairrinensihns
1376 4022 1412 4102 in
1440 4051 1485 4100 m.
1513 4022 1593 4102 dies

69 4141 264 4222 liniantur.

137 4280 398 4360 Interfuernnt
425 4279 622 4373 Ribaldus,
664 4279 887 4359 Gnall'redus
924 4292 962 4358 et
999 4278 1182 4386 Rogerius
1224 4279 1372 4376 fratres3
1411 4277 1591 4358 Consules

67 4397 318 4478 Taurinenses
337 4399 524 4479 Ansaldus
543 4397 769 4492 Tibentaria‚
789 4403 1056 4494 (attentantur
1084 4396 1175 4503 legit
1187 4398 1431 4494 Durandius),
1460 4396 1594 4477 Uricus

66 4515 193 4610 Zacca,
222 4519 410 4598 Taurinos
438 4519 585 4616 Rullus
613 4517 837 4621 Rodulphus
856 4517 1115 4612 Alexandriae,
1138 4517 1325 4596 Taurinus
1344 4515 1494 4609 Bubali,
1520 4517 1593 4595 Bo·

68 4663 135 4714 nus
162 4639 332 4719 Joannes
360 4639 406 4718 do
435 4639 611 4733 Mercato,
638 4637 802 4717 ,lacobus
831 4639 878 4716 de
898 4648 1029 4716 sancto
1048 4636 1259 4726 Ambrosio,
1281 4637 1409 4716 Bonus
1427 4636 1593 4715 Joannes

67 4755 181 4836 Zucca
211 4758 526 4862 approbaverunt.

138 4894 331 4974 Jordanus
355 4894 485 4996 judex,
505 4895 671 4974 loannes
698 4892 956 5004 Alexandriae,
977 4893 1163 4973 Arnaldus
1183 4891 1339 4974 Amicus
1360 4893 1406 4972 de
1424 4891 1595 4973 Planitia.

141 5029 302 5135 Ogerius
330 5031 499 5111 notarius
523 5031 679 5133 scripsit.

227 5223 284 5303 (F.
306 5225 345 5284 A.
368 5223 482 5285 Dama
499 5222 638 5298 Gnissi,
661 5223 862 5286 Dcacrteiorac
884 5225 935 5286 del
948 5226 1119 5288 Pienrorttc.
1142 5225 1185 5285 M.
1203 5227 1235 5288 S.
1254 5223 1442 5287 Adservatur
1464 5225 1595 5287 Taurini

142 5321 175 5382 in
201 5319 791 5400 Bibl.Regis.Danaun1,Pienronta
822 5325 1026 5400 trnapodoao,
1062 5343 1133 5402 pag.
1172 5325 1239 5385 15⁷.
1266 5323 1459 5396 'Garunnam
1492 5321 1598 5404 (Septi

142 5418 266 5478 antichi
289 5419 413 5496 stpncrt
436 5420 470 5478 cli
491 5420 635 5492 Rarolto,
660 5421 748 5493 1878,
771 5438 842 5498 pag.
868 5423 949 5500 121).
