4050 6188
626 365 783 433 OBITUS
811 363 1039 433 aethnicis

78 474 1592 560 .-xm

260 819 379 890 DXXI.
409 861 445 871 -
472 817 659 891 Donotio
686 819 943 892 nortmanni
972 837 1073 890 oum.
1102 815 1153 887 do
1180 816 1398 908 Kybourg.

788 1037 876 1098 1230.

145 1235 305 1316 Donatio
334 1237 556 1316 Hartmanni
584 1237 733 1316 comitis
760 1237 806 1316 de
844 1236 1024 1340 Kyhourg
1061 1235 1282 1338 Margaritae
1318 1235 1364 1330 de
1401 1233 1588 1314 Sahaudia

77 1355 167 1434 fasta
196 1367 346 1459 propter
373 1356 532 1458 nuptias.

229 1552 336 1633 (Edid.
359 1551 397 1614 L.
420 1553 732 1627 wormatiensem,
755 1553 843 1615 Hui.
867 1553 958 1615 Petri
978 1553 1031 1627 Π,
1055 1551 1269 1624 Ρνοὸαιίοησε,
1291 1552 1357 1630 75).

174 1965 310 2034 DXth.
341 2004 376 2014 -
404 1959 660 2053 Homegtum
687 1959 902 2032 neufredi
927 1962 992 2032 111
1017 1959 1175 2032 moreh.
1204 1956 1477 2032 solutionum.

641 2179 729 2239 1280.
752 2177 791 2238 In
813 2178 880 2239 looo
902 2129 1026 2255 Vigoui.

139 2379 359 2459 Maniredus
387 2378 555 2460 marohio
584 2379 631 2458 de
666 2375 819 2458 Salutiis
848 2377 1016 2456 Thomas
1055 2374 1183 2457 comiti
1214 2372 1424 2454 Sahaudiae
1453 2373 1588 2452 homa·

68 2497 167 2603 giam
201 2497 288 2578 iacit
324 2526 389 2602 pro
428 2496 537 2578 terris
576 2497 806 2602 Bargioram.
849 2495 1070 2588 Fontanilis,
1112 2494 1323 2590 Ronoaliae,
1349 2491 1515 2597 Viguolii
1552 2504 1590 2570 et

69 2617 254 2697 Bernexii.

229 2803 278 2884 (E
301 2803 341 2864 R.
364 2805 441 2868 Tui).
465 2805 665 2876 Taurinam,
687 2805 872 2878 Protooolli‚
895 2825 929 2867 u.
951 2807 1026 2878 411,
1049 2804 1104 2868 tol.
1127 2806 1156 2865 7.
1183 2803 1220 2874 F,
1243 2804 1281 2863 A.
1305 2801 1421 2866 Deoua
1448 2799 1590 2872 Gnissi,

149 2901 274 2964 Ooroao
295 2902 407 2977 Reate,
429 2921 460 2982 p.
481 2903 510 2976 Ι,
532 2921 605 2981 pag.
629 2903 712 2982 252).

169 3328 325 3395 nxxltt.
357 3367 389 3376 -
417 3325 665 3418 Horgortto
694 3345 795 3399 oom.
826 3328 922 3399 Sub.
952 3330 995 3398 ot
1021 3325 1240 3399 Harohino
1267 3327 1313 3397 in
1338 3324 1483 3397 Italia.

441 3538 529 3611 1230,
554 3540 592 3600 26
614 3537 789 3600 Februarii.
812 3537 904 3618 Apud
924 3537 1048 3600 Petram
1070 3536 1209 3600 casalli.

135 3738 187 3816 M.
217 3735 409 3816 eomitissa
436 3734 644 3815 Sahaudiaa
673 3746 711 3814 et
737 3733 925 3814 marchisa
952 3733 992 3814 in
1019 3734 1140 3830 Italia,
1169 3749 1207 3815 et
1224 3735 1428 3831 Amedeus
1457 3737 1589 3838 thymo,

62 3855 123 3934 W.
154 3855 302 3935 electus
328 3854 567 3944 Valentinus
594 3854 771 3950 Thomas,
798 3853 943 3945 Petrus.
971 3855 1187 3937 Boniiacius
1216 3868 1254 3934 et
1279 3855 1490 3958 Philippus,
1517 3855 1588 3935 filii

61 3973 231 4056 Thomas
251 3974 400 4055 comitis
414 3973 499 4054 Sah.
517 3989 555 4054 et
573 3975 803 4055 marchionis
824 3974 862 4054 in
882 3974 998 4067 ltalia,
1018 3989 1116 4054 ratas
1135 3975 1335 4055 habebunt
1356 3974 1589 4066 donationes,

62 4119 154 4195 quas
179 4095 304 4176 dietus
332 4119 458 4174 eomes
488 4093 597 4174 faeiat
623 4093 760 4174 Domui
788 4095 835 4173 de
863 4095 1099 4176 Altanumha.

246 4282 355 4362 (Edit.
380 4279 418 4342 Ir.
440 4281 748 4355 Woasmnmoen,
770 4281 860 4344 Hirr.
884 4282 974 4344 Petra·
995 4283 1048 4354 Π,
1071 4282 1287 4357 Ρνοὺαίίοηεε,
1309 4283 1374 4354 76).

303 4693 451 4762 DXXIV.
481 4733 516 4744 -
546 4689 664 4764 obiit
690 4692 869 4766 Bootrix
897 4694 1089 4769 umberti
1116 4697 1181 4766 111
1206 4694 1348 4767 viduo.

687 4908 775 4981 1230,
798 4909 817 4967 8
837 4907 968 4988 Aprilis.

131 5104 407 5186 Aitaoenmhae
434 5106 618 5187 tumulata
646 5107 723 5187 fuit
742 5133 876 5212 parens
896 5108 1087 5189 Comitum
1117 5109 1180 5191 hio
1197 5109 1286 5190 inde
1314 5111 1584 5195 dormientium

58 5221 276 5303 Sahaudiae
303 5223 508 5305 comitissa.

226 5393 268 5476 (Ε
292 5395 409 5458 Ghrou.
432 5396 662 5471 Altaeoumbea,
685 5397 773 5461 Hiar.
796 5398 869 5460 Pot.
892 5398 977 5461 Mon.
1002 5399 1118 5481 Soript.
1141 5401 1169 5475 1,
1192 5402 1252 5464 ool.
1275 5405 1359 5483 676).
