4096 6190
511 333 746 402 surculum
778 333 908 400 raum
935 335 990 400 DE
1021 333 1111 401 SAR.

172 768 405 836 DOGOXXIH.
437 805 471 814 -
500 766 656 837 'ferrus
687 767 938 840 comitissas
964 771 1094 862 Aegy
1121 775 1165 842 et
1193 773 1256 844 W.
1285 771 1325 842 ls
1351 773 1454 844 Keu.

395 982 483 1053 1249,
505 981 542 1039 25
565 981 595 1042 d.
619 981 772 1043 Octobris.
796 983 884 1062 Apud
905 985 1222 1047 westmonasterium.

132 1179 315 1258 Hanricus
343 1179 375 1258 ΙΙ
401 1207 466 1258 rex
492 1179 648 1286 Angiiae
679 1181 883 1261 committit
916 1183 1024 1262 Petro
1058 1185 1104 1262 de
1140 1184 1323 1263 Sabaudia
1353 1185 1562 1264 custodiam

53 1298 228 1375 omnium
257 1309 459 1391 terrarum,
487 1324 581 1401 quae
610 1299 763 1378 fuerunt
791 1303 830 1380 Α.
860 1302 1071 1381 comitissae
1100 1303 1206 1406 Augy
1234 1316 1271 1381 at
1299 1301 1487 1383 Willielmi
1518 1305 1563 1382 da

54 1417 154 1506 Keu‚
182 1415 406 1518 quibusdam
435 1418 713 1498 conditionibus
742 1421 904 1522 adjectis.

215 1589 540 1670 (Wunsruuruusum
563 1589 649 1650 Hui.
674 1589 762 1651 Petri
782 1591 835 1662 II,
861 1591 953 1656 Proh.
979 1611 1050 1671 pag.
1076 1595 1145 1666 122,
1169 1593 1246 1657 Doo.
1270 1594 1353 1673 241).

285 1965 513 2034 ccccxxiv.
544 2004 571 2014 -
607 1964 667 2034 De
696 1962 969 2035 lenticum
994 1963 1180 2055 Anglise
1207 1982 1321 2057 rege.

518 2178 605 2250 1249,
627 2179 664 2238 26
687 2177 716 2238 d.
741 2175 939 2256 Septembris.
961 2176 1118 2255 Lugduni.

133 2376 375 2455 innocentius
402 2376 451 2454 IV
478 2377 516 2454 P.
547 2376 594 2453 Μ.
618 2374 790 2454 Waltero
825 2374 1102 2477 archiepiscopo
1129 2371 1367 2453 Eboraciensi
1394 2383 1432 2452 et
1458 2374 1567 2452 Petro

50 2494 230 2598 episcopo
257 2493 522 2574 Horafordeusi
550 2495 713 2588 mandat,
744 2505 785 2572 ut
811 2494 1006 2572 absolvant
1034 2491 1236 2572 Hauricum
1267 2492 1318 2572 lli
1336 2519 1462 2598 regem
1490 2495 1566 2572 An·

49 2614 154 2718 gline
181 2639 202 2691 a
225 2621 440 2715 Juramento
469 2614 749 2701 matrimoniali,
776 2613 875 2715 quod
904 2613 1126 2715 praestiterit
1145 2610 1234 2690 olim
1254 2611 1450 2691 Johannae
1468 2611 1568 2692 filiae

49 2732 205 2813 comitis
232 2733 389 2821 pontivi,
418 2745 507 2810 tunc
535 2733 683 2835 reginae
712 2731 905 2811 Castelliac
932 2731 1117 2820 existenti,
1145 2743 1182 2809 et
1208 2742 1412 2835 agnoscant
1448 2731 1568 2835 legiti-

50 2879 163 2931 mum
192 2851 478 2930 matrimonium
508 2851 678 2951 ejusdem
721 2850 818 2956 regis
858 2878 942 2929 oum
980 2849 1157 2929 Alionora
1195 2848 1342 2928 comitis
1377 2849 1567 2952 quondam

48 2969 274 3050 Provinciae
302 2968 390 3050 filia.

216 3140 360 3222 (ansn,
383 3140 525 3203 Foedera
547 3141 683 3220 Aoplo'ao
704 3147 760 3202 otc.
782 3139 805 3201 1.
829 3140 856 3200 I.
881 3141 963 3219 158).

210 3515 421 3583 DCCGXXV.
451 3553 487 3564 -
515 3508 731 3583 Beneficia
756 3511 802 3580 in
820 3512 1002 3581 Petrum
1030 3509 1079 3583 de
1109 3511 1205 3583 Bab.
1234 3509 1405 3582 collata.

766 3729 854 3790 1249.

132 3922 316 4004 Henricus
343 3926 395 4006 ΙΙΙ
421 3953 484 4005 rex
512 3926 668 4031 Angiiae
696 3925 805 4004 Petro
826 3927 872 4003 de
900 3925 1085 4007 Sabaudia
1104 3928 1248 4006 confert
1272 3928 1480 4007 custodiam
1500 3941 1568 4009 ter·

49 4071 183 4124 rarum
220 4058 258 4122 et
291 4044 441 4124 heredis
476 4044 651 4125 Richardi
688 4045 734 4122 de
768 4044 893 4149 Burgo
927 4057 964 4122 et
999 4044 1203 4126 Theobaldi
1225 4046 1270 4125 de
1298 4045 1457 4126 Butillcr
1482 4074 1566 4126 cum

48 4164 296 4243 matrimonio
320 4163 420 4243 illius
449 4165 600 4244 heredis
627 4175 665 4242 et
691 4163 901 4242 custodiam
920 4164 1027 4242 castri
1056 4177 1094 4243 ct
1122 4165 1274 4244 honoris
1293 4166 1339 4245 da
1371 4165 1567 4270 Hostings3

46 4283 163 4386 eiquo
191 4284 254 4361 dat
280 4283 433 4377 littorea,
463 4283 602 4385 quibus
630 4282 811 4361 liberatur
829 4281 877 4361 ab
896 4282 1000 4361 omni
1020 4284 1163 4364 ratione
1181 4284 1370 4364 reddenda
1388 4283 1457 4386 ipsi
1476 4285 1567 4391 Regi

47 4403 100 4482 de
129 4401 369 4503 proventibus
397 4416 435 4480 et
460 4400 642 4482 reditibus
671 4401 941 4504 praedictarum
970 4415 1163 4482 terrarum.

128 4521 208 4599 Rex
233 4520 356 4600 eidam
384 4522 493 4600 Petro
520 4531 741 4623 potestatam
772 4520 859 4599 facit
885 4521 1108 4626 prorogandi
1134 4549 1262 4624 pacem
1290 4522 1367 4601 sive
1397 4521 1567 4605 inducias

46 4667 139 4718 cum
170 4638 309 4719 Galliae
336 4666 446 4743 rege3
480 4653 517 4718 et
543 4639 686 4719 confert
713 4638 853 4718 litteras
877 4641 1125 4740 protectoria,
1153 4641 1273 4721 donec
1298 4655 1504 4724 revertatur
1526 4645 1567 4726 in

44 4756 228 4862 Angliam
260 4759 306 4836 de
335 4758 440 4837 terris
469 4758 747 4848 transmarinis3
777 4772 964 4860 praetcrea
991 4757 1126 4838 balivis
1150 4758 1270 4859 jubet,
1299 4773 1339 4838 ut
1365 4775 1569 4866 agnoscant

47 4888 312 4979 procuratores
339 4876 438 4955 Petri
466 4877 504 4956 in
533 4876 678 4980 placitis
706 4875 829 4982 regiis,
859 4876 978 4955 donec
1004 4890 1170 4956 moretur
1196 4877 1234 4956 in
1263 4878 1479 4983 regionibus
1507 4882 1567 4960 f-

46 4993 243 5074 rensibus.

129 5115 301 5215 Denique
329 5113 465 5194 Balivis
504 5113 656 5195 honoris
690 5115 988 5197 Richemundiae
1023 5116 1201 5220 praecipit
1232 5119 1410 5199 saisinam
1448 5121 1566 5201 facere

42 5234 94 5312 ad
127 5259 264 5312 manus
290 5233 389 5313 Petri
421 5236 674 5314 maneriorum
705 5233 859 5313 Briuton
888 5248 924 5314 et
951 5237 1125 5333 Foestou‚
1154 5237 1278 5317 statim
1308 5265 1350 5316 ac
1377 5238 1568 5320 desederit

38 5350 242 5432 comitissa
269 5353 447 5440 aesinae:
476 5367 513 5434 et
540 5353 722 5457 promittit
749 5380 789 5434 sa
820 5381 891 5434 non
920 5369 1115 5459 capturum
1146 5357 1222 5436 foro
1242 5357 1288 5438 ad
1318 5385 1452 5440 manus
1481 5387 1576 5440 suos
