4070 6186
738 359 921 425 ADELAIS

81 471 259 479 ›---.—.-
270 469 816 478 ----.-..-.-—-—-—--———-—·—----
902 470 1125 476 ——----—.
1137 470 1294 476 -.--.—....
1319 471 1562 480 ...Ἣ

1123 489 1584 500 --—-—--—---———.-..

69 593 250 696 episcopis
277 593 633 697 GratianopolitanO,
661 591 872 672 Seduncnsi
900 605 937 672 et
965 593 1242 688 Moriannensi‚
1270 593 1459 676 comitissa
1487 597 1584 677 Ade-

69 713 211 806 leidae,
239 729 276 794 et
303 721 384 816 ejus
411 741 508 794 nuru
537 725 573 792 et
601 712 820 792 marchione
848 712 1054 792 Frederico.

147 834 385 914 Hermannus
413 837 450 916 S.
479 835 520 913 R.
548 835 586 914 Ε.
616 833 722 913 Card.
752 831 986 912 vicedomni
1015 831 1206 935 apostolici
1227 834 1342 912 Breve
1363 835 1445 914 fieri
1472 835 1585 934 jussit

69 965 109 1030 et
138 952 309 1032 firmavit.

230 1105 269 1185 (E
291 1105 399 1167 Ghart.
424 1106 665 1167 Fructuurionsi.
690 1107 897 1178 Gurcnsnou,
920 1105 1068 1177 Prcuueu,
1092 1124 1163 1184 pag.
1188 1109 1251 1184 19).

290 1475 398 1542 CCIV.
429 1513 477 1522 -
502 1473 563 1542 De
590 1469 807 1542 niderioo
834 1469 1176 1542 Montisbolicrdi
1204 1471 1368 1543 comite.

151 1885 168 1922 v
187 1849 257 1932 Hic
284 1861 410 1930 cutem
437 1877 565 1931 comes
592 1854 847 1948 (Frv'dcrv‘cus)
875 1849 947 1929 sub
975 1849 1108 1930 habitu
1135 1850 1292 1930 seculari
1321 1877 1425 1931 more
1459 1851 1585 1931 Sancti

65 1969 280 2050 Sebastiani
307 1968 591 2050 strenuissimus
618 1967 754 2049 Christi
782 1967 892 2049 miles
919 1967 999 2059 fuit,
1027 1965 1202 2049 videlicet
1228 1969 1500 2050 ecclesiasticae
1531 1997 1586 2050 re-

66 2090 221 2194 ligionis
249 2088 546 2169 ferventissimus
581 2098 724 2168 amator
757 2099 795 2168 et
827 2087 1033 2168 catholicae
1068 2089 1168 2192 pacis
1204 2087 1414 2169 indefessus
1449 2117 1584 2193 propu-

65 2221 213 2316 gnator.
242 2209 353 2289 Hunc
379 2207 603 2288 venerabilis
621 2234 715 2312 papa
734 2207 933 2313 Gregorius
953 2207 1063 2308 (VII),
1083 2208 1185 2287 hunc
1203 2208 1336 2288 heatus
1355 2208 1585 2290 Anshelmus

67 2328 252 2408 Lucensis
280 2329 474 2431 episcopus
501 2327 605 2430 quasi
634 2328 789 2407 unicum
818 2326 938 2407 filium
968 2343 1188 2406 amaverunt
1205 2361 1239 2402 v.
1446 2325 1450 2334 '

229 2484 420 2562 (Breucum
443 2481 757 2562 (Oortatuntr'ru’cnris)
780 2481 966 2543 Ohronioou.
984 2481 1106 2554 Pirum,
1124 2483 1170 2543 Μ.
1191 2483 1228 2544 θ.
1246 2481 1290 2542 H.
1308 2481 1421 2559 Scapt.
1438 2480 1527 2544 Turn.
1545 2481 1583 2556 V,

154 2600 225 2660 pag.
247 2581 332 2661 454).

410 2938 502 3006 CCV.
530 2975 579 2986 -
605 2933 793 3005 Aoelclv.
826 2935 1006 3006 monost.
1034 2932 1251 3006 Pluerolti.

500 3133 587 3222 1081,
612 3133 649 3193 16
669 3131 756 3193 Muii.
779 3130 851 3193 Ind.
874 3149 921 3193 rr.
946 3131 1160 3194 caramanico.

143 3316 325 3398 Adelaida
364 3314 432 3396 Dei
473 3311 704 3418 providentia
745 3312 935 3393 comitissa
962 3313 983 3390 f.
1011 3341 1046 3414 q.
1075 3310 1296 3414 Magnifredi
1339 3311 1582 3401 marchionis,

66 3437 151 3542 loge
181 3434 307 3516 vivens
334 3433 447 3514 salica
474 3461 518 3513 ex
545 3431 697 3512 natione
724 3460 810 3520 sua,
838 3429 1064 3510 monasterio
1092 3431 1126 3509 S.
1155 3428 1294 3508 Mariae
1321 3429 1368 3509 de
1398 3429 1584 3526 Pinarolo,

64 3555 127 3636 oui
156 3568 304 3658 praeest
330 3552 521 3633 Arduinus
540 3551 675 3642 abbas,
702 3552 816 3631 donat
842 3549 1014 3630 sedimen
1043 3577 1130 3628 cum
1157 3548 1265 3629 vinea
1292 3549 1331 3628 in
1360 3549 1447 3629 villa
1476 3551 1584 3630 Salu-

66 3675 161 3756 oiae.
192 3672 357 3754 Traditio
397 3671 441 3751 tit
479 3699 545 3776 per
580 3669 774 3751 cultellum
808 3685 876 3749 etc.
912 3713 956 3728 -
993 3670 1030 3749 S.
1063 3666 1263 3747 Adelaidae
1298 3667 1512 3749 comitissae
1547 3683 1585 3748 et

68 3793 238 3874 testium.

146 3910 378 3992 Giselbertus
406 3909 573 3990 notarius
600 3911 634 3989 S.
663 3908 791 3988 Palatii
821 3907 977 4011 scripsit.

234 4063 271 4144 (E
293 4063 369 4126 Μ).
387 4063 453 4124 Oiv.
471 4061 636 4134 Pinerolfi,
659 4061 727 4124 Oet.
749 4061 778 4156 1,
800 4081 832 4122 n.
849 4063 879 4121 8.
895 4061 1061 4134 Murrum,
1078 4061 1226 4122 Memorio
1240 4061 1275 4124 vti
1290 4061 1432 4124 Salasso.
1451 4061 1538 4125 Tum.
1554 4061 1583 4136 1,

149 4179 223 4240 ρος.
245 4163 328 4240 202).

148 4525 258 4592 CCVI.
289 4563 337 4571 —
362 4517 538 4591 Arelate
566 4524 610 4589 et
637 4517 782 4609 Agnes
809 4515 1062 4588 comitissae.
1090 4515 1268 4586 nonest.
1296 4515 1512 4589 Pinerclti.

540 4713 613 4776 Sino
633 4715 700 4776 loco
721 4717 750 4775 et
771 4732 864 4774 anno.
888 4715 925 4774 26
948 4711 1121 4774 Februarii.

146 4897 410 4979 Investituram
431 4897 509 4976 sive
529 4894 760 4976 oblationem
781 4895 1024 4977 Pinercliensi
1048 4895 1276 4974 monasterio
1297 4895 1466 4976 iecerunt
1485 4899 1585 4977 Ade-

66 5020 168 5100 laida
187 5031 224 5097 et
249 5017 374 5122 Agnes
401 5015 616 5096 comitissae
643 5045 687 5094 vu
715 5016 799 5096 Kal.
828 5018 915 5096 Feb.
944 5016 990 5095 de
1017 5014 1164 5095 duobus
1194 5014 1367 5094 manaliis
1395 5015 1525 5119 positis
1544 5017 1582 5097 in

64 5137 275 5219 Saluoicnsi
305 5135 400 5214 villa.
429 5133 684 5214 Interfuerunt
702 5145 825 5223 testes,
847 5137 890 5215 D.
911 5131 1107 5215 Mauritius
1182 5135 1383 5214 venerandi
1411 5135 1584 5238 episcopi,

66 5285 138 5338 nec
166 5283 242 5336 non
269 5267 306 5334 et
333 5253 526 5359 Rogemus,
553 5253 728 5346 Anninus,
758 5253 917 5349 milites,
945 5268 983 5334 et
1008 5253 1233 5333 Rambertus
1260 5253 1340 5332 vice
1368 5280 1505 5333 comcs.

230 5409 455 5482 (Gorcncuos,
479 5407 624 5482 Proures,
649 5426 720 5485 pug.
747 5410 807 5484 19).

154 5561 177 5599 lo
218 5561 319 5604 uiuum,
336 5559 417 5608 rupuar
433 5559 531 5598 covvvtvun
547 5557 671 5596 istricorum.
