4050 6188
698 269 904 338 AMADEUS
933 271 980 337 IV
1530 271 1600 336 201

1394 382 1605 394 ———

1394 401 1605 412 ...—

89 535 137 614 ad
164 535 336 639 ripariam
366 563 461 640 quae
488 536 679 640 quondam
717 535 787 616 fuit
821 535 919 616 Petri
949 535 1122 638 Vulpilis‚
1149 546 1187 614 et
1221 533 1404 638 quidquid
1443 534 1605 640 pertinet

91 658 137 735 ad
165 656 301 736 Villam
330 659 376 736 de
404 657 517 737 Losse
546 658 641 736 ultra
669 683 820 759 aquam,
846 655 990 736 scilicet
1025 656 1079 736 les
1115 657 1281 734 Musures
1309 669 1345 734 et
1372 656 1468 759 apud
1505 659 1602 738 Mar·

93 777 214 855 triam.
243 777 384 856 Vendit
417 775 560 856 scilicet
594 776 789 872 homines,
819 775 1016 863 mulieres,
1045 787 1158 854 terras
1186 801 1342 870 census,
1368 774 1514 866 banno,
1537 783 1601 878 ju-

90 895 227 990 stitias,
265 894 400 975 bailias
436 907 473 974 et
508 906 630 974 cetera
666 895 804 1008 usagio.
840 894 985 997 Recipit
1020 906 1145 973 autem
1183 921 1248 996 pro
1286 894 1357 973 huc
1388 894 1603 974 venditione

91 1027 251 1116 quatuor
287 1012 406 1095 millia
447 1014 655 1094 solidorum
693 1013 844 1094 fortium
883 1011 1191 1109 excutolatorum,
1228 1012 1301 1093 hoc
1337 1012 1463 1094 addito
1501 1015 1603 1116 quod

91 1161 203 1236 supra
231 1133 331 1214 diota
358 1134 497 1228 omnia,
516 1135 831 1236 quandocumque
858 1131 981 1228 vellet,
999 1159 1063 1234 pro
1090 1131 1224 1213 eodem
1242 1131 1373 1236 pretio,
1391 1131 1527 1214 additis
1558 1139 1602 1214 ¹2

89 1253 254 1332 denariis
283 1253 414 1360 magis
442 1253 558 1356 possit
583 1253 777 1333 rehabere.
831 1313 835 1320 .

167 1375 300 1452 Comes
332 1372 396 1452 dat
430 1371 640 1452 Volliermo
673 1372 936 1454 fideiussorem
972 1371 1156 1450 Thomam
1193 1371 1344 1451 fratrem
1379 1399 1509 1468 suum,
1538 1373 1602 1484 qui

87 1489 218 1570 omnia
243 1489 417 1592 promisit
442 1491 650 1570 ohservare.
676 1490 943 1571 Venditionem
972 1489 1127 1570 laudant
1159 1489 1281 1570 Guido
1315 1488 1361 1570 de
1396 1491 1602 1573 Cheveluto

89 1609 317 1690 castellanus
345 1609 482 1691 Montis
511 1610 664 1689 Meliani
693 1622 731 1688 et
757 1610 853 1689 Boso
879 1608 926 1689 de
954 1609 1143 1704 Curuana,
1172 1621 1209 1689 et
1234 1607 1441 1690 Vollieruro
1468 1638 1603 1692 conce-

86 1729 184 1808 dunt
210 1728 393 1832 quidquid
418 1730 513 1830 juris
541 1729 579 1808 in
609 1757 719 1831 supra
748 1728 858 1809 dictis
886 1727 999 1807 rebus
1027 1728 1226 1808 habebant.
1370 1794 1373 1803 ,

167 1848 310 1928 Testes:
329 1849 449 1949 Aymo
468 1849 513 1926 de
533 1847 673 1940 Balara,
694 1848 825 1926 Petrus
843 1847 984 1940 Volloz‚
1003 1849 1134 1927 Petrus
1153 1848 1200 1926 de
1218 1849 1246 1926 T
1249 1860 1371 1939 oueto,
1391 1849 1602 1929 Rostandus

89 1970 137 2046 de
165 1967 375 2069 Rupecula,
404 1968 533 2046 Petrus
560 1968 607 2046 de
634 1968 773 2062 Rome,
799 1967 1012 2047 Bernartius
1040 1981 1077 2046 et
1103 1966 1325 2071 Rodulphus
1353 1967 1464 2046 irater
1489 1995 1601 2064 suus,

87 2088 223 2167 Petrus
254 2085 417 2188 Vulpini.
444 2086 654 2166 Bernardus
680 2085 868 2165 Ambrosii
896 2084 1109 2188 capellanus
1136 2085 1204 2166 Dei
1231 2084 1310 2166 filii.

166 2203 330 2284 Jacohus
357 2204 510 2285 Barheri
536 2205 573 2284 S.
601 2203 733 2285 Palatii
761 2216 798 2283 et
825 2205 973 2285 comitis
1001 2203 1210 2285 Sabaudiae
1245 2204 1410 2285 notarius
1444 2207 1601 2308 scripsit.

252 2357 306 2436 (In
328 2357 405 2419 Τὼ.
428 2357 499 2420 Son.
522 2356 595 2419 Sab.
611 2357 712 2435 Regia.
729 2376 781 2420 an.
804 2357 893 2430 1708,
908 2355 963 2418 fol.
988 2357 1055 2418 190.
1073 2357 1232 2436 Mnemon
1246 2356 1450 2418 Fanucrscos
1470 2358 1550 2420 edid.
1567 2359 1601 2422 in
1679 2423 1682 2429 ,

171 2453 336 2517 Mtrnctrco
363 2462 391 2515 ct
410 2455 610 2518 Documm
619 2453 742 2532 psalm
756 2471 820 2532 por
847 2455 879 2515 lc
901 2453 1018 2516 Societb
1039 2452 1236 2517 eanonicam
1257 2453 1434 2519 cucone
1455 2461 1483 2516 ot
1503 2455 1603 2518 d'Ar·

172 2551 332 2629 otoolcpic.
357 2551 445 2613 Tom.
468 2549 573 2630 XXI).

513 2894 649 2962 DXLIX
676 2933 711 2942 -
739 2890 948 2962 Amedeuo
976 2891 1026 2962 de
1053 2893 1184 2964 scits.

686 3087 773 3162 1284,
798 3089 834 3149 12
856 3089 886 3149 d.
911 3087 1009 3150 Junii.

164 3271 354 3353 Amedeus
389 3270 567 3352 dominus
602 3271 649 3352 de
684 3270 764 3350 Jaiz
797 3269 1017 3375 homagium
1059 3271 1147 3350 facit
1182 3274 1291 3353 Petro
1329 3272 1375 3353 de
1411 3273 1600 3356 Sabaudio

77 3393 254 3473 Thomae
281 3389 471 3493 quondam
499 3389 648 3469 comitis
676 3388 766 3482 filio,
785 3388 895 3493 eique
923 3365 987 3468 ciat
1014 3401 1178 3471 castrum
1207 3392 1253 3472 de
1271 3391 1364 3489 Jaiz,
1384 3392 1477 3474 illud
1504 3395 1598 3474 reci·

81 3513 195 3616 piens
222 3510 260 3590 in
288 3509 456 3602 feudum,
485 3534 672 3588 unacum
702 3509 894 3610 sexaginta
920 3507 1064 3590 libratis
1091 3521 1210 3590 terrae
1241 3511 1478 3608 annualibus,
1507 3540 1599 3616 quas

80 3632 210 3734 Aymo
224 3627 628 3734 domiuusFucigniaci
648 3628 764 3708 hahet
777 3633 874 3730 apud
894 3627 1088 3716 Divonam,
1105 3630 1267 3733 exceptis
1283 3630 1404 3711 fendis
1423 3631 1598 3712 militurn.

248 3769 1598 3860 (NmMmmmmmmmffimmwmmfflm,

168 3879 277 3943 Macro
298 3881 326 3954 Ι,
347 3897 380 3940 n.
403 3879 432 3938 4.
454 3878 762 3952 chsrnuausoua,
785 3877 859 3941 Iroo.
883 3879 937 3940 cit.
960 3897 1032 3958 pag.
1055 3880 1105 3953 42,
1128 3879 1206 3942 Doc.
1229 3882 1293 3960 94).

411 4225 479 4291 DL.
511 4263 546 4273 -
574 4218 787 4292 Anauon·
814 4219 875 4290 1v
901 4221 945 4289 et
972 4216 1074 4290 oool.
1102 4216 1145 4333 S.
1171 4216 1279 4292 ont.

511 4399 1173 4494 mmmmmmmmss

160 4600 356 4682 Amedeus
384 4627 510 4680 comes
538 4597 748 4680 Sabaudiae
775 4610 813 4676 et
840 4597 877 4677 in
907 4597 1011 4677 ltalia
1031 4597 1200 4679 marchio
1219 4599 1256 4680 in
1285 4626 1351 4679 sua
1370 4599 1539 4680 custodio
1558 4610 1597 4680 et

78 4720 319 4827 protectione
346 4719 501 4824 suscipit
528 4718 683 4821 ospitale
711 4721 746 4798 S.
776 4717 859 4799 Ursi
888 4717 1143 4823 Augustensis.

161 4844 300 4920 Actum
334 4841 373 4919 in
406 4850 509 4942 prato
538 4851 637 4918 retro
666 4838 703 4917 S.
732 4837 977 4938 Stephanum.
1007 4838 1135 4917 Testes
1162 4837 1293 4917 Petrus
1321 4837 1367 4918 de
1395 4839 1512 4918 Ponte
1539 4865 1596 4919 se-

76 4960 235 5042 scaldus
263 4959 422 5054 comitio,
450 4960 551 5038 dom.
580 4955 800 5060 Willelmus
827 4955 1046 5048 Seriondus,
1063 4956 1162 5036 dom.
1192 4958 1323 5036 Petrus
1350 4956 1396 5036 de
1423 4958 1597 5038 Tornone

78 5093 119 5160 et
148 5077 225 5158 alii.

161 5197 296 5277 Petrus
323 5195 359 5276 S.
387 5195 519 5276 Palatii
548 5193 715 5276 notarius
742 5193 895 5296 scripsit.

247 5349 289 5430 (E
312 5348 388 5411 aab.
412 5349 444 5410 S.
470 5348 540 5410 Ursi
563 5350 696 5426 August.
720 5347 812 5410 udin.
835 5347 995 5409 cinnamo
1016 5351 1046 5408 et
1067 5346 1197 5420 Pronus,
1218 5365 1290 5427 pag.
1317 5349 1398 5426 125).

165 5499 193 5540 2ο
234 5497 334 5546 cumn.
348 5496 435 5551 meato
447 5498 546 5540 amram
560 5496 684 5540 multu.
