4096 6190
436 477 439 484 .
580 393 855 463 JURISDIOTIO
884 394 916 463 S.
944 395 1065 462 JUSTI
1506 397 1575 461 257

71 634 210 737 absque
237 634 375 714 herede
403 634 449 714 de
476 660 629 738 corpore
655 661 724 714 suo
752 633 798 715 de
827 633 953 714 medio
981 634 1160 731 sublatae,
1189 635 1237 716 ad
1256 634 1454 715 ecclesiam
1491 634 1582 715 Leo·

72 755 229 833 densam
248 754 295 833 de
310 753 583 834 consuetudine
602 753 776 834 devoluta
796 752 855 850 sit,
874 753 1100 858 Margaritba
1119 781 1205 833 vero
1225 753 1378 835 domina
1397 755 1444 834 dc
1467 754 1582 834 Darn-

71 882 173 975 petra
200 899 303 952 soror
329 878 409 973 ejus
437 873 610 952 camdem
639 884 777 952 terram
805 883 935 952 contra
957 879 1019 973 Jus
1048 872 1193 974 imperii
1222 887 1259 953 et
1286 871 1464 953 ecclesiae
1486 872 1580 953 Leo-

71 990 197 1070 densis
236 990 424 1081 invaserit,
464 990 543 1095 ipse
582 989 785 1095 imperator
825 990 1017 1091 providere
1045 991 1230 1095 dignetur,
1272 1019 1320 1072 ne
1347 992 1579 1072 consuetudo

70 1107 218 1212 imperii
245 1109 337 1189 adeo
363 1109 548 1214 generalis
576 1120 614 1188 et
640 1109 821 1189 hactenus
849 1107 1006 1189 viriliter
1032 1110 1225 1190 observata
1245 1135 1310 1214 per
1329 1137 1444 1190 unam
1474 1109 1580 1190 lemi-

72 1253 160 1306 nam
188 1227 404 1308 nullatenus
431 1227 668 1333 infringatur.

229 1396 272 1478 (n
293 1396 369 1459 Tab.
392 1397 475 1459 dioto
507 1397 643 1460 Arottoc
667 1399 705 1460 da
732 1385 834 1460 l’Iltot
855 1398 939 1477 apud
959 1399 1119 1462 Iasonium.
1142 1399 1320 1461 Ηυιιιιιιιι
1333 1435 1353 1446 -
1368 1399 1577 1474 Babanomon,

149 1492 236 1555 aot.
259 1494 337 1572 asp.
360 1493 519 1555 rum
539 1493 593 1568 ιι,
617 1493 705 1555 rom.
729 1493 787 1568 vr,
808 1494 845 1556 r.
867 1494 895 1568 ι,
919 1515 991 1574 pag.
1013 1497 1097 1577 aaa).

417 1867 566 1939 boon.
596 1910 631 1920 -
660 1867 827 1940 Praeda
853 1865 1012 1940 nontin
1039 1865 1231 1939 Soalarll.

495 2064 582 2138 maa,
605 2065 643 2124 aa
661 2064 692 2126 a.
714 2063 841 2143 aprus.
864 2062 935 2125 rna.
957 2063 1020 2125 111.
1043 2064 1147 2129 utu.

144 2243 307 2326 lacobus
336 2245 465 2325 Zacius
492 2244 662 2325 detensis
680 2254 855 2346 potestas,
873 2243 1028 2324 nomine
1048 2243 1267 2324 Communis
1288 2240 1457 2323 detensis
1477 2268 1578 2345 prae·

65 2365 161 2470 cipit
184 2363 326 2444 Jacobo
353 2365 398 2444 de
427 2365 580 2445 Fossato
607 2363 736 2456 ludici,
764 2377 805 2442 ut
832 2363 931 2443 dicat
958 2363 1126 2443 Thomae
1153 2351 1205 2442 de
1226 2360 1414 2443 Sabaudia
1433 2361 1576 2446 comiti,

65 2499 263 2588 praesente
289 2483 401 2563 fratre
428 2511 497 2564 sno
532 2483 668 2564 comite
704 2483 871 2563 Amedeo
906 2495 944 2561 et
969 2481 1168 2562 bonefacio
1197 2481 1413 2561 marchione
1441 2481 1577 2562 Montis

62 2602 221 2692 Ferrati‚
240 2614 424 2705 quatenus
443 2603 521 2705 ipse
542 2601 705 2682 Thomas
723 2601 919 2681 restituere
939 2600 1074 2679 debeat
1091 2599 1283 2679 communi
1303 2613 1340 2679 et
1359 2594 1577 2678 hominibus

63 2721 336 2804 Montisoalerii
374 2721 550 2826 praedam
585 2721 747 2801 ablatam
782 2748 848 2824 per
890 2719 1064 2800 homines
1104 2748 1211 2812 suos,
1247 2747 1291 2799 eo
1331 2721 1431 2822 qnod
1474 2729 1574 2821 capta

60 2842 139 2923 fuit
164 2841 234 2920 sub
261 2839 401 2921 fiducia
427 2868 492 2944 par
517 2841 691 2921 abbatem
728 2839 903 2920 Secusiae
929 2840 966 2920 b.
998 2866 1048 2917 m.
1077 2839 1254 2920 vicariurn
1282 2839 1399 2942 ipsius
1432 2835 1573 2919 domini

59 2961 246 3056 Thomae,
275 2970 312 3038 et
338 2986 403 3062 per
429 2960 627 3040 domicum
654 2959 823 3053 Qualiam
853 2961 899 3038 de
926 2960 1094 3039 Gorzano
1121 2958 1158 3039 b.
1188 2988 1236 3039 m.
1261 2959 1346 3037 data
1372 2955 1574 3037 Guillalrno

59 3078 158 3160 Cani
186 3090 223 3158 et
249 3077 332 3158 aliis
359 3079 646 3183 quamplurimis
674 3077 907 3183 sapientibus
934 3077 1093 3158 civitatis
1120 3077 1299 3158 astensis.

138 3197 273 3276 Actum
301 3223 367 3299 per
393 3197 623 3277 voluntatem
644 3197 974 3277 credendariorum
993 3196 1133 3297 primae
1152 3209 1189 3276 et
1206 3195 1395 3276 secundae
1414 3197 1574 3276 creden·

56 3318 137 3399 liae
155 3327 194 3395 et
211 3327 399 3396 rectorum
418 3317 653 3410 societatum,
672 3317 710 3396 in
730 3317 887 3397 oonsilio
906 3328 1047 3396 secreto
1067 3315 1299 3410 Communis,
1318 3315 1575 3419 praesentibus

53 3433 365 3517 ambaxatoribus
395 3434 659 3515 Montisoalerii
688 3493 798 3513 .....
815 3435 853 3515 iu
882 3493 991 3513 .....
1033 3434 1097 3516 ubi
1129 3433 1285 3515 consilia
1311 3433 1560 3514 celebrantur.

139 3557 283 3636 Testes:
310 3554 432 3634 Guido
460 3556 507 3632 de
543 3555 577 3634 S.
615 3554 789 3634 llustiola
820 3554 938 3656 juder
964 3555 1183 3657 potcstatis,
1215 3555 1354 3635 Cursus
1394 3551 1571 3635 Sedecius

48 3675 175 3776 judex
199 3675 362 3765 rectoris,
390 3685 426 3753 et
445 3672 607 3752 berardo
635 3673 682 3752 de
709 3673 852 3753 Solaria
879 3673 1071 3753 clavarius.

139 3795 348 3875 Germanus
377 3793 483 3872 Musa
512 3793 677 3872 notarius
705 3791 890 3894 palatinus
918 3791 1075 3896 scripsit.

223 3963 265 4044 (E
279 3962 458 4026 membrano
479 3961 648 4042 archetypo
664 3961 741 4024 aaa.
758 3962 989 4025 Montisoalerii.
1007 3961 1122 4024 Ooonx
1136 3961 1292 4024 Aaronom
1307 3962 1343 4024 da
1358 3961 1572 4034 Μιιιιιιιι,

142 4059 216 4124 Vol.
239 4059 298 4134 IV,
319 4079 389 4141 pag.
413 4063 464 4134 88,
486 4059 564 4122 Doo.
587 4061 690 4140 1016).

201 4439 367 4508 Dccxnl.
398 4478 434 4488 -
462 4434 716 4507 Jurludlotlo
743 4435 781 4507 8.
811 4433 928 4504 »Iusti
953 4432 999 4504 ln
1026 4433 1141 4506 vello
1169 4433 1418 4508 Soousleml.

489 4633 576 4706 1245,
599 4635 636 4694 26
658 4632 688 4693 d.
711 4631 800 4694 Maii.
821 4631 894 4694 Ind.
917 4651 970 4693 ιιι.
994 4631 1144 4696 Secusioa.

133 4817 324 4896 Arnedeus
352 4842 478 4894 comes
497 4814 707 4895 Sabaudiae
725 4827 762 4894 et
783 4815 949 4895 marchio
976 4816 1015 4895 in
1035 4816 1152 4908 ltalia,
1172 4829 1321 4920 petente
1339 4817 1479 4899 Jacobo
1503 4817 1571 4896 ab·

43 4939 143 5020 bate
172 4935 355 5024 Secusiae,
383 4933 583 5014 confitetur
616 4933 758 5014 dictum
790 4934 964 5014 abbatem
1001 4947 1035 5013 et
1064 4938 1331 5016 monasterium
1362 4937 1501 5015 babere
1530 4936 1566 5015 in

44 5054 235 5139 homines
273 5081 359 5134 suos
387 5065 424 5132 et
461 5053 567 5133 vallis
599 5052 762 5132 totaliter
785 5053 1087 5154 jurisdictionem
1115 5067 1152 5134 et
1178 5055 1392 5158 imparium,
1426 5066 1570 5135 servato

44 5201 165 5257 more
192 5173 486 5266 Secusiensinm,
515 5185 664 5274 excepta
691 5171 886 5266 cavalcata,
905 5201 1000 5275 quae
1019 5174 1183 5255 comitia
1202 5173 1484 5266 Secusiensibus
1510 5175 1570 5254 de·

41 5297 180 5383 betur,
199 5303 237 5371 ct
255 5291 292 5372 in
313 5291 434 5371 milite
453 5291 683 5392 imperando,
704 5290 742 5370 in
761 5303 974 5372 commeatu
994 5305 1032 5372 et
1051 5292 1088 5372 in
1109 5293 1300 5374 nonnullis
1322 5293 1474 5373 tributis
1493 5293 1568 5374 exi·

40 5410 193 5521 gaudis
219 5410 401 5490 terminos
429 5409 597 5512 propriae
624 5409 797 5513 potestati
825 5408 940 5513 ponit.

136 5565 167 5611 88
207 5565 307 5614 Οιιιπι,
320 5563 516 5619 moenitum
531 5563 654 5607 Satoudr'oa.
778 5559 782 5564 '
