4198 6190
828 359 1012 427 ALRIOUS
1632 361 1677 424 29

162 637 257 714 pago
285 611 502 701 Maluissem,
530 611 769 714 permittento
789 622 826 688 et
845 610 1093 688 ooulirmante
1113 605 1276 684 llalleuo
1296 604 1468 707 episeopo
1494 604 1680 707 gratiano-

161 728 348 828 politanae
376 729 553 810 eoolesiae
582 741 619 808 et
647 728 828 809 Umberto
856 727 1040 832 episeopo.
1069 728 1104 805 S.
1132 726 1261 805 Uberti
1297 724 1460 817 comitio,
1487 725 1523 802 8.
1552 723 1676 802 Ancil-

160 846 232 927 liae
262 849 385 929 uxoris
412 856 503 950 ejus,
530 851 565 929 S.
589 849 743 929 Amedoi
772 847 934 939 oomitiS,
954 847 988 926 S.
1010 846 1140 926 atilae
1165 848 1289 926 uxoris
1317 852 1410 946 ejus,
1430 845 1464 922 S.
1486 842 1677 944 llodulphi

160 967 287 1072 Regis,
315 969 355 1048 8.
383 967 549 1074 Reginae
575 967 852 1072 Ermeogardis
881 967 916 1045 S.
944 966 1124 1046 ottonis.

319 1137 359 1215 (E
382 1137 457 1199 Tab.
483 1139 570 1200 (tom.
594 1139 702 1216 Gomp.
726 1137 912 1199 Soboudioe.
936 1135 1145 1206 Gurcmruom
1170 1134 1318 1206 Promea,
1341 1153 1412 1212 pag.
1437 1135 1481 1210 Β).

377 1545 503 1614 LXXX.
532 1585 581 1596 -
607 1543 878 1615 Buroherdue
906 1544 946 1613 S.
973 1542 1171 1613 Hauritii
1197 1543 1476 1630 praepositus.

880 1761 968 1819 1080.

238 1961 490 2052 Burohardus
515 1961 553 2040 S.
583 1957 746 2039 Mauritii
774 1957 946 2038 abbatiae
973 1955 1224 2060 Praepositam,
1249 1968 1416 2036 exortum
1445 1954 1521 2035 sive
1549 1955 1679 2036 navale

164 2079 259 2159 duos
287 2108 436 2160 mansos
463 2079 600 2168 valens
625 2085 753 2180 jacens
780 2077 820 2156 iu
847 2077 934 2156 villa
953 2076 1246 2157 Siurarunsurae
1276 2075 1503 2181 Reginfredo
1531 2087 1569 2154 et
1586 2075 1680 2153 Ade-
1745 2095 1746 2098 ’
1783 2127 1786 2134 -

163 2197 283 2278 lheidi
311 2211 349 2279 et
376 2197 583 2279 infantibus
609 2226 742 2277 eorum
769 2195 943 2276 coneedit
968 2195 1039 2275 sub
1066 2223 1192 2274 annaio
1219 2222 1333 2275 oensu
1352 2195 1384 2273 V
1402 2193 1621 2273 solidorum.

240 2319 431 2420 Hupertus
458 2317 701 2398 concellarius
729 2315 888 2418 scripsit.

326 2489 424 2571 (ER.
448 2488 525 2550 aab.
550 2487 748 2564 Taurinonsi.
772 2487 820 2549 M.
837 2487 882 2548 Η.
898 2487 937 2548 Ρ.
962 2486 1071 2548 chart.
1095 2485 1142 2558 II,
1164 2486 1223 2546 ool.
1248 2488 1329 2565 118).

453 2901 598 2964 LXXXI.
627 2937 670 2946 —
701 2896 914 2968 Amedeue
957 2914 1094 2966 eomes
1128 2892 1392 2966 Bellioenelr.

629 3111 702 3172 Sino
716 3130 798 3172 anno
812 3115 842 3171 et
856 3112 924 3171 loeo
939 3113 1021 3188 (ltost
1035 3130 1087 3170 an.
1106 3112 1207 3188 1080).

239 3312 374 3393 Comes
400 3310 590 3391 Amedeus
616 3325 654 3390 et
680 3311 793 3390 Adela
823 3338 916 3389 uxor
946 3317 1026 3410 ejus
1061 3311 1206 3390 dooaut
1239 3307 1419 3388 eeclesiae
1453 3307 1488 3388 8.
1516 3307 1681 3389 Mauritii

163 3460 229 3534 pro
255 3431 386 3534 requie
415 3431 543 3511 Uberti
571 3429 642 3511 filii
670 3458 844 3510 mansum
874 3431 912 3509 in
941 3428 1155 3533 episcopatu
1180 3427 1528 3530 Gratianopolitano
1555 3426 1592 3508 iu
1620 3456 1684 3507 oo-

164 3551 299 3631 mitatu
328 3577 472 3645 eorum,
492 3562 529 3629 et
554 3549 593 3628 iu
620 3548 709 3629 villa
732 3549 938 3629 Maltaoeua
957 3549 1003 3628 ad
1023 3548 1188 3628 radicem
1218 3546 1358 3627 montis
1387 3545 1533 3632 Maniai,
1555 3547 1591 3625 8.
1614 3548 1682 3626 Co-

161 3670 267 3749 mitis
294 3669 451 3750 Amedei
478 3676 622 3770 atejus
648 3669 928 3749 illustrissimae
956 3667 1127 3775 conjugis
1154 3667 1305 3746 Adelae.

326 3837 366 3917 (Ε
388 3837 464 3900 Tob.
488 3838 587 3899 Prior.
611 3838 750 3915 Burgeti.
774 3838 981 3910 Gorcmmou,
1004 3836 1153 3908 Prasmon,
1175 3855 1245 3914 pag.
1269 3837 1313 3914 8).

427 4244 590 4312 Lxxxss.
621 4283 655 4290 —
683 4241 856 4312 Alrieus
882 4243 974 4313 Art.
1004 4241 1226 4330 opi-oopu-
1252 4244 1425 4314 nomae.

810 4458 898 4516 1030.
922 4455 1048 4518 Romae.

239 4659 408 4764 Joanoes
434 4655 506 4736 XX
532 4656 570 4735 P.
598 4657 645 4734 M.
674 4655 854 4736 omuibus
882 4656 1027 4735 bonum
1054 4653 1279 4734 facientibus
1311 4654 1348 4734 in
1376 4653 1532 4735 ecelesia
1560 4655 1685 4760 Maga-

163 4776 313 4857 lonensi
342 4775 504 4856 salutem
533 4802 619 4854 oum
647 4773 914 4854 benedictione
942 4773 1145 4877 apostoliea
1173 4771 1277 4870 dioit,
1295 4786 1334 4853 et
1350 4773 1462 4854 rebus
1482 4774 1603 4854 diotae
1627 4801 1685 4853 eo·
1722 4760 1725 4766 ¹

161 4896 300 4978 elesiae
329 4892 478 4975 afflictis
505 4892 744 4997 prospiciens,
762 4895 958 4973 decretum
985 4920 1099 4982 suarm
1119 4891 1408 4972 firmare'voloit
1425 4893 1472 4972 ab
1495 4891 1686 4986 omuibus,

163 5043 260 5119 quos
288 5015 448 5093 Romam
477 5011 665 5092 Amaldus
694 5012 967 5118 Megalonepsis
994 5011 1189 5114 episeopus
1216 5011 1407 5092 oooiverot.

243 5132 438 5214 Olderious
463 5130 714 5211 Veroellensis
751 5131 862 5235 episo.
899 5131 1113 5233 lleynaldus
1146 5131 1340 5234 Papieusis
1378 5131 1489 5234 episc.
1527 5131 1687 5212 Aluimrs

167 5257 365 5350 (Aturrus)
392 5252 560 5331 Asteusis
587 5250 793 5354 opiscopus,
824 5263 862 5330 et
887 5250 947 5330 alii
978 5252 1231 5353 quamplures.

327 5423 533 5505 (Tranium,
561 5423 713 5485 Adelor'de
733 5423 904 5496 illaturum,
929 5441 960 5502 p.
985 5421 1044 5503 II).
