4050 6188
454 370 522 444 196
864 379 1059 449 REGESTA
1087 379 1289 448 OOMITUM
1317 379 1563 446 SABAUDIAE

725 833 885 904 DXXXV.
914 873 950 884 -
979 815 1189 905 fiuent·-
1215 831 1392 905 Βοιοιιίι
1418 823 1694 905 vioeoomi'tin.

1030 1031 1119 1105 1282,
1141 1030 1180 1092 20
1200 1027 1230 1091 d.
1253 1030 1398 1111 Augusti.

525 1211 622 1290 Boso
651 1209 857 1291 vicecomes
884 1213 1132 1316 Augustensis
1160 1212 1327 1293 Thomae
1355 1211 1484 1294 comiti
1511 1213 1720 1293 Sabaudiae
1743 1213 1943 1294 fidelitatem

455 1329 551 1410 iamt
607 1449 710 1532 (ER.
734 1449 810 1514 Τὼ.
834 1451 1032 1527 Teurinenei,
1056 1454 1169 1526 Aeeta,
1193 1451 1284 1517 Fuso.
1306 1452 1335 1528 I,
1357 1472 1390 1514 n.
1412 1453 1456 1531 7).

885 1842 1065 1911 DXXXVI.
1095 1881 1131 1892 -
1158 1841 1303 1912 Elem·
1328 1840 1526 1914 boroelin.

1167 2039 1255 2098 1233.

407 2256 410 2262 ·
530 2251 547 2291 u
574 2221 683 2298 Anno
711 2217 758 2298 ub
786 2217 1047 2298 incarnatione
1074 2219 1158 2298 Dni
1186 2247 1365 2298 uccxxuu
1392 2219 1464 2299 fuit
1489 2219 1638 2322 hiemps
1666 2218 1785 2299 valida
1814 2221 1945 2323 qualern

448 2339 578 2420 nuilus
606 2352 696 2419 tune
722 2337 851 2418 vivens
878 2338 917 2418 in
945 2337 1159 2443 Burgundia
1179 2337 1274 2417 dixit
1292 2366 1333 2419 se
1351 2338 1498 2430 vidisse,
1516 2351 1555 2419 et
1572 2339 1725 2420 inerunt
1742 2366 1809 2444 pro
1829 2338 1946 2446 frigore

448 2470 595 2540 mortue
618 2485 732 2538 nuces
752 2469 788 2538 et
807 2456 915 2537 vinee
934 2457 1011 2536 fere
1030 2485 1162 2538 omnes
1181 2459 1280 2560 apud
1302 2459 1535 2538 Busuneium
1556 2471 1594 2538 et
1610 2457 1796 2554 Salinum,
1816 2459 1945 2553 Arhois,
2009 2465 2010 2502 ¹

448 2579 641 2659 Divionem
672 2590 709 2656 et
728 2577 902 2657 Beauliea
921 2589 959 2656 et
976 2576 1245 2672 Atisiodorum,
1265 2578 1493 2682 Lugdunum
1512 2591 1550 2656 et
1567 2578 1753 2658 Uiennam
1772 2592 1812 2658 et
1831 2578 1946 2658 Ualen·

446 2697 543 2778 eiam
571 2710 609 2777 et
634 2697 861 2778 Subnudiam
890 2708 926 2774 et
943 2696 1199 2776 Tarentusiem
1220 2709 1257 2776 u
1276 2697 1497 2776 Gebennam
1516 2709 1554 2777 et
1572 2698 1770 2778 Sedunum
1790 2711 1827 2779 et
1845 2698 1944 2777 etiam

446 2819 485 2898 in
513 2818 596 2897 aliis
625 2815 734 2916 lonis3
761 2816 813 2896 ita
839 2815 940 2919 quod
967 2815 1078 2895 multi
1115 2816 1177 2917 qui
1210 2815 1383 2895 solebant
1414 2816 1554 2896 hebere
1580 2845 1601 2896 u
1627 2816 1753 2896 modia
1790 2817 1873 2907 viui,
1899 2815 1945 2894 vix

446 2936 661 3018 habuerunt
687 2936 767 3025 triu,
795 2948 833 3015 et
859 2961 989 3039 purum
1018 2935 1089 3014 fuit
1115 2936 1162 3013 de
1191 2935 1380 3014 frumento
1383 2995 1494 3012 .....

603 3109 646 3190 (Ε
668 3109 833 3171 chartario
855 3107 1014 3170 Laueenu.
1039 3109 1213 3182 Gnnumn,
1236 3109 1314 3170 Due.
1335 3109 1512 3188 relatifsu
1542 3109 1653 3171 l‘Hn'ut.
1685 3111 1730 3170 du
1766 3109 1895 3182 Vatiae,
1922 3107 1945 3176 I.

524 3229 557 3288 p.
580 3209 663 3286 30⁷).

773 3549 966 3618 Dxxxvll.
996 3587 1031 3600 -
1060 3545 1210 3620 obitu·
1237 3540 1419 3619 Thomu
1447 3548 1628 3622 uomitiu.

1071 3747 1158 3818 1233,
1183 3749 1197 3806 1
1220 3745 1337 3808 Martii.

525 3956 542 3996 u
569 3923 650 4003 Kal.
680 3923 769 4003 maii
799 3927 847 4028 (?)
875 3917 969 4004 uhiit
994 3924 1131 4004 'fomes
1158 3952 1284 4006 eomes
1311 3925 1534 4008 Snbnudiae.
1563 3959 1580 3999 u

601 4093 734 4175 (Anuien
765 4093 867 4158 Mieeel
899 4093 934 4155 de
966 4094 997 4156 ln
1027 4095 1099 4158 Bib.
1131 4095 1168 4158 de
1198 4095 1329 4159 Geneve.
1361 4095 1512 4172 Minium,
1540 4097 1617 4158 1200.
1650 4099 1798 4161 oenone
1821 4095 1943 4175 pontiu

519 4192 635 4272 ueneni.
659 4192 731 4253 Mat.
755 4191 793 4251 de
815 4193 846 4252 la
866 4191 907 4253 R.
933 4193 1059 4254 Maiuon
1078 4193 1116 4253 de
1138 4193 1261 4254 Savoie.
1286 4193 1461 4272 Legendum
1482 4198 1527 4256 eet
1550 4194 1612 4256 luel.
1637 4195 1776 4274 Martii).
