4102 6200
714 297 922 366 mausus
950 299 997 365 IV
1543 299 1613 364 339

115 406 152 416 -a

102 423 152 437 ¹-

98 536 313 618 Marsallam
339 550 378 616 et
402 550 576 617 sanctum
595 536 760 618 Felicem
778 539 941 620 confessi
961 551 1051 619 sunt
1070 565 1110 617 se
1128 538 1290 620 condam
1310 537 1488 620 habuisse
1507 553 1546 620 et
1563 553 1614 620 tc·

99 657 224 736 unisse
252 657 291 736 in
318 657 475 737 laudum
502 683 523 734 a
548 657 648 738 dicto
676 658 844 738 Amedeo
875 658 1019 738 Comite
1040 658 1265 755 Sabaudiae‚
1285 672 1322 740 et
1338 673 1614 766 recognoscunt

98 775 346 857 donacionem
375 789 412 855 et
439 775 698 857 investituram
727 776 865 857 factam
894 779 994 859 dicto
1020 779 1202 873 Thomae,
1229 790 1331 858 etse
1358 779 1523 882 predicta
1548 779 1614 857 ha-

99 895 187 974 bere
215 897 253 975 in
281 896 438 976 feudum
466 923 487 974 a
513 896 612 976 dicto
640 896 784 977 Thoma
810 897 960 992 comite,
990 897 1099 1000 eique
1126 909 1163 976 et
1189 896 1267 978 suis
1292 897 1497 980 heredibus
1518 897 1614 978 lide-

98 1015 240 1093 litatem
270 1014 407 1095 debere
434 1029 472 1094 et
498 1042 610 1095 omne
638 1015 835 1096 servitium
861 1017 960 1119 quod
987 1016 1177 1096 Vassallus
1206 1015 1319 1096 dabat
1345 1018 1512 1096 domino.

171 1137 225 1213 De
252 1135 389 1237 quibus
417 1134 596 1214 omnibus
624 1134 770 1214 Thoma
796 1135 842 1214 de
871 1135 1059 1216 Sabaudia
1086 1135 1614 1226 bonefaciumllredericum,

97 1253 271 1332 Rubcum
299 1281 365 1354 pru
392 1279 432 1332 se
459 1264 497 1332 et
523 1252 606 1334 aliis
634 1253 871 1333 consortibus
899 1253 1089 1334 investivit
1119 1265 1239 1334 etcet
1257 1254 1434 1356 praedicti
1456 1253 1614 1346 domini,

97 1387 270 1473 presente
297 1372 462 1451 Amedeo
491 1373 645 1460 Comite,
673 1373 772 1453 dicto
792 1373 960 1452 Thomae
987 1371 1113 1452 comiti
1134 1371 1360 1453 fidelitatem
1378 1372 1557 1463 lecerunt
1577 1384 1615 1452 et

92 1497 314 1590 juraverunt
340 1492 440 1593 quod
468 1491 562 1570 nulli
589 1491 651 1572 alii
681 1492 849 1571 fecerunt
877 1491 1095 1596 homagium
1124 1491 1182 1570 vel
1200 1491 1424 1572 fidelitatem
1446 1491 1492 1572 de
1512 1492 1613 1572 dioto

97 1609 223 1696 leudo,
253 1636 375 1712 neque
402 1609 736 1713 conspiracionem,
765 1609 1065 1690 conventiculam
1094 1609 1258 1713 aliquam
1287 1611 1454 1689 fecerant
1485 1624 1612 1690 contra
1728 1691 1730 1696 ,

97 1728 242 1808 dictum
270 1729 468 1819 Thomam‚
497 1756 619 1831 neque
654 1742 782 1808 contra
811 1729 995 1809 honorem
1022 1728 1197 1832 Imperii;
1223 1741 1260 1809 et
1286 1728 1317 1808 si
1344 1755 1459 1831 quam
1487 1728 1611 1833 aliquo

98 1861 263 1948 tempore
291 1848 469 1942 lacerant,
488 1847 552 1926 illa
570 1849 857 1942 renunciabant,
876 1848 1098 1952 gripiebant
1119 1846 1331 1942 soluebant,
1354 1862 1424 1927 eto.
1455 1849 1611 1928 Renun-

97 1966 196 2046 tiant
220 1994 371 2071 quoque
399 1968 614 2069 exceptione
642 1967 728 2060 doli,
758 1981 880 2047 metus
908 1981 976 2047 etc.
1004 1981 1041 2048 et
1068 1968 1102 2047 ei
1130 1968 1207 2069 juri
1230 1995 1304 2070 quo
1326 1979 1478 2047 cavetur
1508 1967 1610 2072 quod

96 2085 276 2166 dominus
313 2087 413 2166 leudi
451 2086 610 2167 vassallo
640 2114 716 2167 non
751 2100 870 2189 potest
896 2087 1058 2166 alienare
1085 2087 1241 2167 feudum
1270 2079 1309 2166 in
1340 2086 1524 2167 minorem
1554 2085 1611 2165 vel

96 2212 280 2306 majorem
307 2217 378 2286 etc.
429 2245 435 2254 ·
903 2233 907 2242 ·

173 2327 309 2405 Actum
342 2326 379 2405 in
406 2324 591 2407 Avilliana
618 2326 657 2405 in
686 2327 799 2406 domo
827 2326 972 2406 Ottonis
992 2325 1142 2406 Cornui.

173 2445 320 2523 Testes:
357 2444 501 2525 domini
532 2443 707 2525 Nicoleus
731 2445 849 2546 judex
880 2445 1026 2525 domini
1053 2444 1311 2548 Imperatoris,
1337 2443 1534 2525 lohannes
1563 2445 1609 2524 de

92 2564 223 2642 Tunco
247 2564 373 2664 judex,
403 2562 556 2643 Billatcr
582 2564 628 2642 de
656 2565 821 2656 lucerna,
835 2563 1047 2644 Richardus
1075 2563 1121 2642 de
1140 2561 1544 2654 lucerna,Guillelmus
1562 2567 1610 2660 (l)

91 2682 316 2785 Gratapalia,
339 2685 461 2785 Aymo
495 2683 541 2762 de
572 2683 780 2786 Compesio,
807 2684 1020 2783 Tameugus
1049 2683 1095 2762 de
1131 2681 1374 2788 ChunburgO‚
1409 2682 1608 2784 Aynurdus

89 2801 137 2879 de
169 2801 339 2894 Seousia3
367 2801 556 2882 Amedeus
585 2801 761 2892 Clericus,
789 2802 1013 2883 Benedictus
1040 2801 1229 2882 Rarralius
1247 2802 1294 2882 de
1311 2802 1476 2898 Sacusia,
1502 2828 1610 2904 prae-

89 2932 194 2998 terea
222 2922 385 3024 Gigonos
403 2920 601 3011 Barralius‚
617 2919 824 3000 bimaritus
851 2922 1028 3016 Provana,
1055 2920 1242 3000 Antonius
1270 2920 1316 2999 de
1346 2920 1502 3025 Uigono.

171 3040 403 3120 Raimundus
429 3037 606 3120 Albensis
634 3048 681 3136 (l)
709 3039 803 3120 sacri
831 3039 962 3142 palacii
990 3040 1159 3120 notarius
1186 3039 1345 3141 scripsit.

253 3209 303 3291 (Ε.
327 3209 365 3269 R.
389 3208 464 3270 Tab.
488 3208 673 3270 Taurinensi
695 3211 862 3290 (Arcelaio
886 3210 1061 3288 Gomorclo)
1085 3209 1148 3272 Tit.
1169 3226 1228 3288 par
1248 3209 1423 3279 Ploaaoaoo,
1444 3226 1477 3268 u.
1500 3208 1530 3267 Β.
1551 3209 1605 3304 Ia·

173 3307 314 3368 omnic
332 3305 486 3385 emole,
507 3305 591 3384 788).
