4096 6190
503 366 573 430 268
904 362 1098 430 REGESTA
1127 362 1328 430 OOMITUM
1356 361 1599 430 sanauntan

1717 489 1966 499 ——Q

756 754 762 766 ·
872 693 877 703 Δ
912 745 1139 816 nccuxxlv.
1169 785 1204 795 -
1231 745 1291 816 De
1319 748 1436 815 terra
1464 742 1603 816 colob.

1211 940 1300 1000 1247.

580 1120 763 1200 Hearicus
789 1119 842 1199 ΙΙΙ
867 1145 932 1198 rex
958 1117 1111 1224 Angliae
1138 1118 1268 1197 statuit
1286 1117 1384 1220 quod
1403 1117 1710 1200 Bartholomaeus
1729 1118 1851 1198 Poche
1875 1130 1969 1198 tenea·

492 1238 953 1438 {pirchfgtelegpldhomagium
983 1240 1091 1317 Petro
1110 1237 1157 1318 de
1176 1237 1359 1318 Saliaudia
1389 1238 1435 1318 de
1462 1249 1560 1318 terra
1576 1238 1700 1328 Colch,
1727 1238 1774 1316 de
1796 1239 1970 1317 honorade

659 1512 977 1592 (Wnnsrrnanaora,
1000 1512 1085 1574 Hor.
1107 1511 1195 1573 Petri
1214 1511 1267 1586 Il,
1290 1511 1382 1572 Prob.
1405 1530 1476 1589 pag.
1501 1513 1567 1572 109.
1590 1511 1668 1574 Doc.
1692 1512 1776 1572 206t.

893 1853 1103 1924 DOGLXXV.
1134 1893 1168 1904 ·-
1196 1851 1388 1924 Eooleata
1414 1849 1605 1943 Bur-goti.

664 2048 751 2121 1247,
772 2049 810 2108 80
831 2048 861 2109 d.
885 2046 1074 2109 Novembris.
1095 2048 1166 2109 Ind.
1189 2067 1221 2109 v.
1243 2049 1336 2128 Apud
1356 2048 1662 2110 Montemmalienum
1683 2048 1716 2108 in
1739 2053 1852 2110 casua.

580 2228 767 2308 Amedeus
805 2247 931 2309 comes
967 2228 1176 2309 sabaudiae
1215 2242 1252 2308 et
1291 2229 1460 2310 marchio
1487 2227 1615 2308 Italiae
1645 2227 1825 2308 ecclesiae
1850 2229 1969 2331 Burgcti
2020 2273 2021 2328 t

503 2374 656 2427 ornnem
678 2345 978 2447 jurisdictionem
1006 2374 1092 2426 cum
1121 2373 1223 2426 mero
1242 2360 1280 2426 et
1305 2348 1421 2427 mixto
1450 2347 1606 2450 imperio
1634 2349 1673 2427 in
1712 2346 1888 2426 omnibus
1916 2353 1972 2444 ejus

503 2465 608 2544 terris
636 2465 845 2555 confirmat,
872 2464 1033 2568 exceptis
1061 2465 1187 2567 poenis
1215 2465 1339 2545 ultimi
1367 2464 1548 2568 supplicii,
1582 2491 1674 2567 quas
1706 2467 1973 2568 praedecessores
2020 2487 2021 2520 ¹

507 2583 564 2662 sui
591 2584 663 2663 sibi
692 2597 979 2663 reservaverunt.

576 2703 718 2781 Testes:
739 2705 939 2805 Episcopus
952 2703 1181 2798 BellicensiS,
1201 2703 1242 2782 G.
1259 2703 1443 2784 Bonivard
1461 2704 1497 2783 S.
1513 2703 1684 2783 Andreae
1698 2703 1872 2792 decanus,
1886 2703 1973 2782 Hun·
2020 2763 2021 2800 3

506 2821 634 2901 bertus
660 2821 707 2901 de
733 2821 909 2924 Seysello,
937 2823 977 2900 G.
1005 2821 1116 2902 frater
1141 2850 1241 2912 suus,
1269 2824 1387 2924 Ayrno
1414 2821 1460 2901 de
1496 2823 1647 2924 Cytone‚
1675 2822 1785 2901 Petro
1815 2822 1972 2924 capellano
2020 2801 2021 2848 ¹

504 2940 656 3045 Burgeti
684 2954 722 3019 et
748 2942 870 3043 Aymo
898 2941 943 3020 de
970 2940 1153 3048 Sarvagia.
1575 2964 1577 2968 ·
2020 3025 2021 3112 Ν

627 3153 629 3157 .
663 3092 705 3173 (E
727 3092 802 3154 Tab.
826 3091 900 3154 Eoo.
922 3092 1059 3171 Burgati.
1083 3093 1287 3168 eu1oaaaoa
1309 3093 1395 3154 Hiar.
1423 3093 1497 3156 Gon.
1519 3092 1655 3155 Pronoea
1676 3093 1738 3172 67).
2020 3149 2021 3220 1

592 3434 818 3503 DOCLXXVI.
848 3475 881 3484 -
904 3431 1126 3520 Philippu·
1154 3430 1204 3505 dc
1232 3432 1329 3504 aab.
1357 3433 1512 3503 Domus
1539 3432 1912 3504 Ambronicoensir.

968 3629 1054 3703 1247,
1077 3648 1178 3691 mense
1200 3629 1371 3691 Decembri.
1395 3630 1551 3708 Lugduni.
2020 3607 2021 3690 i

582 3808 773 3911 Philippus
799 3809 941 3912 primae
961 3810 1223 3916 Lugdunensis
1242 3811 1420 3891 eeclesiae
1438 3812 1587 3891 Electus
1605 3813 1788 3914 quasdam
1805 3811 1976 3892 solutiones

509 3926 721 4006 debitorum
749 3955 768 4006 a
794 3930 915 4008 Domo
954 3929 1263 4010 Ambroniaoensi
1301 3931 1437 4010 Domui
1472 3930 1666 4010 Portarum
1696 3930 1819 4021 factas,
1846 3941 1930 4009 ratas
1950 3939 1975 4002 at

510 4046 638 4125 firmas
665 4046 786 4126 hahet.

666 4201 864 4278 (emunire
883 4201 1040 4279 Ιιγοππαὶε
1059 4220 1115 4282 par
1135 4201 1178 4262 M.
1203 4203 1237 4264 0.
1261 4202 1402 4264 Gn1oun.
1418 4203 1519 4283 hyon,
1543 4204 1630 4264 1885.
1652 4203 1731 4266 Doo.
1755 4206 1840 4285 424).

845 4541 1090 4610 DCGLXXVII.
1120 4581 1150 4593 -
1183 4542 1338 4612 Domus
1365 4542 1523 4614 nontin
1549 4543 1680 4614 rovta

925 4739 1011 4814 1248,
1034 4758 1136 4801 manse
1158 4739 1318 4802 Jannario.
1341 4740 1430 4818 Apud
1452 4739 1586 4802 Ohillon.

584 4922 772 5001 Amedeus
798 4921 864 5001 Dei
892 4925 1006 5027 gratia
1035 4950 1161 5003 cornea
1189 4923 1399 5004 Sabaudiae
1427 4935 1463 5000 et
1491 4920 1528 5000 in
1558 4919 1663 5000 Italia
1699 4921 1868 5001 marchio
1896 4919 1979 4997 dona-

509 5039 628 5119 tiones
656 5068 676 5119 a
703 5053 805 5143 patre
824 5067 892 5120 suo
920 5041 1063 5122 Thorna
1092 5043 1228 5122 comite
1269 5040 1478 5122 Sabaudiae
1521 5041 1633 5119 factas
1661 5039 1791 5120 domui
1819 5035 1976 5142 religiosae

509 5159 646 5239 Montis
673 5160 776 5239 Jovis
804 5161 1012 5241 confirmat.

670 5313 708 5388 (Ε
731 5314 807 5377 rab.
829 5313 968 5392 Hospitii
988 5314 1105 5375 Montis
1127 5315 1222 5377 Jovis.
1247 5314 1421 5385 Gannico,
1442 5313 1521 5374 Doc.
1543 5313 1674 5391 rotatisc
1694 5313 1716 5373 d
1738 5313 1849 5374 l'Hr'rt.
1870 5311 1908 5370 ds
1928 5303 1977 5363 rat·

590 5414 661 5487 lois,
685 5412 762 5473 Doc.
787 5416 857 5487 512,
878 5431 948 5492 pag.
972 5413 1054 5492 404).
