4070 6186
495 375 704 444 AMADEUS
732 375 783 441 ΙΙΙ
810 375 864 441 ΕΤ
893 373 1026 442 Malus
1056 373 1157 440 OOM.

412 745 623 816 CCLXXXV.
653 785 687 795 -
718 737 948 816 carthada
974 740 1255 813 Arveriansis.
1326 693 1332 698 -

597 942 670 1005 Sina
691 961 774 1004 anno
794 945 825 1002 at
845 942 913 1002 looo
934 938 1074 1021 (mat).

147 1129 338 1209 Amedsus
364 1129 417 1209 111
445 1154 572 1208 eomes
600 1124 811 1207 sabaudiae
838 1124 954 1204 donat
974 1089 1097 1203 locum
1120 1119 1337 1200 Carthusiae
1358 1115 1592 1198 Arveriansis

76 1249 203 1330 Ordini
231 1246 502 1329 Carthasiansi.

230 1404 324 1484 (Auta
347 1402 550 1472 sanatorum,
573 1399 725 1472 Ootobris‚
757 1398 845 1460 Tom.
879 1396 942 1470 III,
974 1415 1006 1474 p.
1037 1395 1106 1454 781.
1140 1393 1347 1462 Gurosuuou,
1381 1389 1466 1450 Hiat.
1499 1389 1537 1449 da
1561 1389 1593 1449 la

150 1502 263 1564 Brasos
284 1507 312 1562 et
333 1500 376 1561 du
396 1499 520 1578 Bapay,
541 1516 573 1577 p.
597 1498 678 1575 177).

466 1823 696 1890 CCLXXXVI.
725 1857 760 1868 -
788 1820 945 1890 Domus
970 1817 1191 1889 Arvas-iae.

669 2019 743 2082 Sina
764 2038 847 2081 anno
867 2025 897 2081 at
918 2019 997 2081 loeo.

142 2204 334 2283 Amerleus
362 2230 489 2284 aomos
518 2205 681 2283 Heremo
718 2200 891 2281 Arreriae
925 2201 1079 2281 fratrum
1105 2191 1235 2280 ⁴osrt'os
1271 2199 1453 2279 terminos
1481 2224 1590 2301 prae-

74 2323 172 2428 figit,
199 2351 339 2426 eosque
377 2323 566 2404 describit.
593 2324 683 2404 Post
721 2320 879 2402 Amedei
908 2322 960 2403 111
987 2335 1148 2401 mortem
1179 2320 1381 2401 Umbertus
1409 2319 1460 2399 Ill
1490 2316 1591 2397 filius

74 2450 151 2542 ejus
206 2443 279 2522 hoo
306 2444 428 2546 ipsum
458 2441 707 2523 confirmavit.

119 2563 248 2641 Testes
284 2563 436 2642 fuerunt
471 2563 618 2664 Moyses
652 2562 768 2641 abbas
796 2561 842 2640 de
868 2561 1117 2650 *Tonomonte
1145 2558 1351 2638 Wilelmus
1379 2556 1426 2635 de
1461 2553 1588 2653 Fraoia

74 2680 338 2761 iltueoumhaa
359 2680 579 2775 monachus,
607 2681 829 2760 Willelmus
857 2679 966 2760 milas
995 2680 1040 2758 de
1069 2676 1371 2758 Moutet'aieouio.

224 2834 267 2914 (E
291 2834 368 2895 Tab.
393 2833 578 2896 Oarthusiae
599 2833 800 2907 amoriensis,
821 2833 900 2896 adid.
926 2834 1135 2904 Gurcsssou,
1158 2833 1305 2902 manvei,
1326 2849 1396 2908 pag.
1418 2831 1469 2905 37)

361 3157 608 3226 couxxxvss.
639 3195 673 3204 -
702 3154 1009 3228 Honastorium
1037 3151 1293 3227 staffordso.

479 3355 567 3427 1143,
607 3357 625 3414 3
654 3353 774 3416 Martii.
809 3354 879 3416 Ind.
913 3373 975 3415 vri.
1009 3353 1167 3417 Laterani.

138 3535 351 3615 Celestiuus
379 3537 411 3615 ll
440 3536 478 3614 P.
513 3537 558 3615 Μ.
594 3533 863 3614 monasterium
899 3537 945 3615 de
982 3537 1152 3618 Stefarda
1189 3565 1207 3616 a
1245 3536 1454 3616 Maiuiredo
1492 3563 1588 3615 mar·
1653 3567 1655 3572 ·

67 3654 196 3734 cirione
225 3661 294 3754 (Do
326 3657 461 3752 Vasta)
490 3666 527 3734 et
554 3665 674 3734 matre
701 3682 768 3734 sua
796 3667 833 3733 ot
860 3655 1043 3759 episeopis
1071 3655 1369 3736 Taurineusibus
1391 3655 1587 3735 fundatum

65 3771 97 3850 iu
127 3775 360 3876 proteotioue
388 3775 428 3853 B.
458 3773 556 3853 Petri
585 3788 622 3853 et
649 3801 716 3854 sua
743 3775 916 3877 suscipit,
943 3781 1101 3878 ejusque
1131 3776 1227 3853 lona
1257 3773 1469 3853 coufirmat.

221 3926 265 4006 (u
286 3927 327 3988 R.
349 3926 427 3987 Tab.
446 3927 644 4000 Taurinam,
670 3927 860 3990 Commenda
874 3929 905 3989 di
920 3929 1092 4002 Stsffarda,
1108 3930 1187 3990 issa.
1205 3931 1232 4008 Ι,
1247 3947 1280 3989 n.
1297 3931 1327 4004 5,
1342 3927 1423 3990 adid.
1442 3930 1473 3989 S.
1491 3928 1589 4002 Qum·

139 4043 230 4098 riso,
250 4023 466 4087 Osservaaiout
488 4027 616 4087 aristote
635 4043 729 4104 sopra
749 4027 856 4087 aloarii
875 4027 1062 4104 particulari
1077 4027 1157 4088 delle
1178 4027 1334 4088 storiadel
1349 4026 1510 4087 Piamoate
1531 4043 1588 4086 eoo.

140 4123 210 4182 Non
243 4121 320 4184 satis
341 4124 475 4195 oonstat,
507 4125 614 4183 utrum
645 4123 825 4184 Manfredus
855 4123 1013 4185 Bonifaoii
1035 4124 1070 4187 de
1092 4123 1188 4185 Vasio
1209 4121 1304 4196 filius,
1329 4122 1368 4184 ab
1388 4122 1534 4183 Adalaida
1554 4123 1589 4184 da

140 4217 348 4296 Romagnano
380 4223 467 4280 ortus
499 4219 552 4290 sit,
575 4239 615 4280 an
645 4240 663 4281 s
695 4219 824 4282 Matilda
854 4219 998 4299 Hugonis
1030 4220 1139 4299 Magni
1169 4219 1247 4294 filia,
1278 4237 1373 4299 quam
1404 4218 1588 4281 Bouit'soius

137 4315 239 4377 tertiis
259 4317 379 4395 nuptiis
401 4317 434 4377 in
457 4317 695 4378 matrimonium
718 4319 914 4398 assumpsit).

282 4640 545 4708 CCLXXXVHI.
578 4679 610 4688 -
638 4637 852 4711 madeus
877 4642 951 4721 111,
980 4640 1118 4730 usias
1146 4658 1249 4710 uxor
1277 4640 1369 4730 ejus

137 4793 180 4860 at
207 4791 434 4863 umbertus
461 4810 603 4863 eorum
629 4789 752 4864 filius.
781 4793 890 4866 Eool.
921 4796 959 4866 Β.
988 4793 1188 4866 Hausisti
1214 4793 1497 4886 agaunensis.

445 4988 535 5058 1143,
557 4989 596 5047 30
615 4988 734 5052 Martii.
758 4989 791 5050 S.
817 4987 919 5051 Julini
941 4990 974 5050 in
997 4989 1195 5052 Maurienna.
1218 5071 1219 5076 ἵ

130 5165 321 5245 Amadeus
349 5192 476 5246 eomes
505 5181 542 5245 et
569 5168 737 5248 marotiio
766 5181 803 5247 et
833 5171 947 5269 Majes
975 5170 1167 5250 eomitissa
1196 5199 1288 5250 uxor
1315 5179 1396 5273 ejus
1427 5184 1465 5251 et
1492 5173 1585 5254 Um·

65 5279 188 5363 bertus
209 5311 336 5365 eorum
366 5285 469 5366 filius
496 5287 659 5367 reddunt
681 5287 975 5390 praeposituram
1006 5290 1185 5370 ecclesiae
1213 5291 1247 5370 S.
1268 5292 1433 5371 Mauritii
1461 5292 1584 5396 Agau-

63 5403 188 5484 ueusis
216 5403 262 5484 ad
289 5405 604 5486 oommunitatem
633 5407 810 5504 fratrum,
840 5421 987 5488 retento
1016 5425 1166 5511 reoeptu
1194 5439 1263 5489 suo
1291 5423 1329 5489 et
1351 5411 1464 5511 justis
1491 5439 1582 5493 oon·
