4096 6190
747 304 945 372 canerent
1533 303 1603 370 273

152 419 528 426 Ἦ
575 419 666 425 -——-
934 417 1603 428 ———-——--—--——.-—..

397 669 572 738 necxct.
595 707 629 719 -
650 667 838 737 loannes
868 683 1003 738 comas
1029 665 1313 758 Burgundios.

666 863 755 936 1248,
776 879 879 924 manse
900 862 1037 926 Octobri.

169 1047 326 1123 labans
352 1071 470 1122 orrens
508 1049 554 1122 dc
580 1049 764 1147 Barpana
797 1057 832 1122 ct
857 1049 941 1124 Sira
975 1049 1022 1122 de
1047 1048 1178 1124 Sallus
1203 1048 1355 1124 declara
1382 1050 1504 1124 auctr
1528 1049 1606 1122 mis

93 1177 225 1241 nostre
258 1168 372 1242 allier
404 1189 532 1240 narcara
564 1189 655 1246 anion
689 1190 822 1266 sepnor
859 1170 1003 1242 Parron
1036 1170 1084 1242 dc
1110 1169 1243 1242 Srrnoi'e
1268 1190 1318 1242 cn
1342 1170 1477 1266 plalpc
1498 1189 1605 1265 pour

89 1287 203 1360 mille
222 1288 341 1360 liores
358 1286 575 1359 or'ennnisas
593 1285 641 1358 de
659 1287 702 1358 lo
719 1287 832 1360 main
850 1286 898 1358 da
924 1296 1063 1383 quatre
1081 1287 1324 1360 marrolaonrla
1344 1289 1391 1360 dc
1410 1289 1605 1380 Florcnoe,

85 1428 169 1501 por
194 1427 264 1479 nos
289 1427 441 1478 recocaw
474 1428 546 1502 que
578 1426 701 1477 sontes
738 1415 830 1478 terrra
863 1406 1049 1480 rasoudra
1082 1406 1256 1530 respubl
1273 1408 1370 1502 diro
1396 1431 1442 1480 aa
1468 1408 1607 1504 simple

88 1525 212 1620 perol
235 1577 344 1596 .....

250 1665 291 1746 (u
314 1664 353 1726 R.
376 1664 453 1726 Tab.
477 1663 673 1728 Taurinansi.
696 1663 820 1725 Iacent.
843 1665 924 1728 Duc.
949 1663 1037 1738 Sub„
1063 1663 1152 1726 Fass.
1177 1667 1204 1736 I,
1228 1686 1260 1727 n.
1283 1666 1347 1744 76).

526 1977 713 2045 Dccxcn.
745 2017 779 2026 -
814 1974 952 2048 (tuido
982 1974 1031 2048 de
1059 1975 1184 2068 Algo.

668 2174 755 2248 1248,
780 2176 817 2232 22
839 2171 1030 2235 Novembris.

167 2355 299 2456 Guydo
327 2353 436 2434 miles
464 2356 510 2432 ‹le
532 2355 639 2458 Algo,
660 2353 901 2432 laudantibus
922 2353 1010 2432 liliis
1029 2353 1106 2433 suis
1124 2351 1319 2432 Manlrado
1338 2363 1375 2431 et
1391 2351 1603 2448 willelmo,-

87 2475 196 2576 ponit
223 2474 261 2552 in
289 2472 443 2576 pignore
469 2472 636 2552 Amaileo
664 2471 791 2551 comiti
819 2471 1028 2550 sabaudiae
1056 2471 1375 2551 vicedominatum
1404 2486 1441 2550 et
1460 2470 1605 2551 mistro·

88 2594 196 2684 liam‚
236 2619 349 2694 quarn
390 2591 437 2670 ab
478 2593 557 2693 ipso
597 2589 733 2668 counito
774 2588 936 2683 tenebat,
966 2616 1029 2691 pro
1056 2619 1100 2668 xn
1128 2589 1192 2668 lib.
1222 2589 1404 2668 maurian.
1432 2588 1528 2670 dalis
1569 2603 1606 2668 et

87 2709 237 2790 solutis.
875 2763 879 2772 -
1100 2757 1103 2762 ·

168 2829 313 2908 Testes:
341 2829 386 2907 N.
415 2827 529 2907 abbas
559 2827 806 2930 Agaunensis
834 2827 873 2905 P.
894 2827 939 2905 de
959 2828 994 2906 S.
1022 2795 1302 2929 Gingnlpho'et
1321 2798 1516 2908 Mauritius
1544 2854 1602 2906 oa·

89 2947 220 3028 nonioi
248 2949 390 3050 Agaun.
419 2947 481 3025 W.
509 2945 723 3049 capellanus
753 2947 799 3024 de
827 2945 973 3025 Grions.
1000 2947 1091 3026 Rod.
1120 2947 1166 3025 de
1201 2949 1300 3029 Vico.
1340 2949 1402 3027 W.
1423 2949 1469 3028 de
1498 2947 1605 3026 Mon·
1722 2951 1726 2960 '

89 3080 164 3162 taz,
191 3075 260 3146 elo.

252 3209 294 3290 (Ε
316 3209 392 3270 Tab.
416 3210 448 3271 S.
471 3208 609 3271 Mauritii
631 3209 752 3288 Agaue.
777 3208 986 3290 Transcripsit
1007 3210 1174 3274 canonicus
1196 3212 1377 3292 Boccare).

348 3536 552 3605 Dccxclll.
582 3575 615 3584 -
647 3533 837 3606 casellis
864 3533 1083 3605 comitisse
1110 3532 1350 3606 sabaudiae

541 3658 585 3724 et
610 3651 917 3723 marchionissa
945 3652 989 3720 in
1015 3653 1159 3725 Italia.

260 3849 347 3923 1248,
371 3867 473 3911 manse
494 3847 671 3912 Novembri.
693 3848 763 3909 Ind.
788 3867 835 3908 vr.
858 3849 1014 3925 Augustae
1033 3847 1067 3908 in
1087 3848 1177 3909 domo
1201 3848 1234 3910 S.
1250 3847 1401 3932 ‘Benignb

169 4031 328 4110 Caecilia
355 4032 421 4110 Dei
449 4032 565 4134 gratia
592 4030 782 4110 comitissa
810 4028 1020 4109 Sabaudiaa
1047 4041 1085 4108 el
1120 4030 1390 4110 marchionissa
1418 4030 1455 4110 in
1485 4031 1604 4123 ltalia,

81 4149 321 4252 amplectens
349 4149 502 4252 vestigia
531 4148 597 4228 viri
625 4148 681 4228 sni
711 4147 866 4226 amedei
894 4147 1040 4226 comitis
1067 4157 1105 4226 et
1131 4162 1409 4229 antecessorum
1436 4177 1604 4251 suorum,

85 4273 249 4349 domurn
281 4268 415 4347 blontis
441 4268 556 4358 levia,
576 4283 612 4344 et
631 4295 762 4347 omnes
784 4294 842 4345 res
862 4275 943 4367 ejus
962 4267 1033 4345 sub
1053 4266 1181 4369 clypeo
1198 4269 1438 4370 protectionis
1462 4273 1602 4373 recipit,

84 4385 344 4492 praecipitque
371 4386 425 4466 sio
451 4386 579 4465 comiti
600 4390 659 4484 (t)
679 4385 882 4490 Augustae,
903 4383 1120 4478 baronibus,
1140 4384 1351 4465 castellanis
1370 4398 1407 4466 et
1425 4387 1604 4470 omnibns

82 4509 126 4587 in
156 4505 337 4585 comitatu
364 4503 574 4584 Sabaudiaa
609 4503 905 4606 persistentibus,
941 4503 1040 4606 quod
1074 4503 1237 4583 debeant
1272 4503 1409 4584 dictam
1448 4507 1602 4585 domurn

86 4638 285 4728 protegere
312 4635 351 4701 et
376 4622 588 4702 defendere.

166 4743 314 4822 Testes:
344 4741 442 4819 dorn.
473 4742 695 4828 lloctandns,
725 4743 823 4820 [laun.
853 4739 1031 4820 Ricardus
1069 4742 1115 4818 de
1152 4741 1383 4838 Munstario‚
1412 4745 1510 4822 dorn.
1539 4745 1602 4825 Di·

83 4860 250 4954 dracius‚
277 4858 497 4940 Willelmns
525 4858 638 4936 frater
666 4857 969 4962 MoritastorginS,
998 4859 1208 4940 Bernartius
1237 4860 1340 4941 Milel
1367 4875 1405 4940 et
1437 4862 1562 4941 ceteri.

168 4980 301 5059 Petrus
330 4975 461 5056 Palatii
492 4976 659 5055 notarius
686 4976 842 5078 scripsit.

251 5129 304 5210 (rt
333 5129 559 5189 mementote
578 5126 713 5218 ‚Oaplalo
743 5128 792 5190 dal
827 5129 913 5190 Gran
936 5128 969 5190 S.
1003 5129 1169 5191 Barnordo
1197 5150 1249 5210 par
1284 5130 1469 5192 Giuursoar
1502 5131 1602 5195 Oano-

169 5227 242 5288 nioo
262 5225 428 5287 Loaruzo.
450 5223 556 5297 Proto,
574 5225 660 5284 1884.
677 5225 788 5286 Vereor
807 5242 846 5286 na
864 5243 927 5287 non
949 5225 1177 5304 interpolatoris
1191 5245 1302 5289 manns
1315 5229 1350 5289 in
1364 5227 1446 5288 hano
1461 5227 1604 5289 chartam

89 5385 94 5392 ,
169 5325 312 5400 grassata
332 5320 400 5406 sil).

170 5452 198 5495 aa
238 5451 690 5507 mammaeam.
