4198 6190
441 255 485 318 26
851 253 1048 320 REGESTA
1076 253 1279 320 COMITUM
1308 253 1551 320 statuaria

433 504 616 595 potestate
645 503 885 594 permaneat,
912 490 950 570 iu
980 520 1050 569 usu
1077 503 1115 568 et
1141 503 1291 592 sumptu
1321 489 1659 592 praesbiterorum,
1687 489 1957 580 diaconorum,

434 611 750 692 subdiaconorum
778 623 846 688 etc.
874 609 1039 703 Quodsi
1068 610 1193 712 aliqua
1217 637 1374 711 persona
1394 635 1529 712 magua
1551 635 1735 710 paruaque
1765 607 1863 685 banc
1893 633 1956 682 vo-

434 732 619 811 luntatem
651 728 788 808 violare
825 729 1131 831 praesumpserit,
1160 728 1257 807 dicta
1293 729 1405 807 cortis
1437 727 1617 807 contiuuo
1654 727 1692 804 io
1728 726 1955 804 donatorum

435 849 493 928 vel
522 841 815 952 propinquorum
844 859 1066 948 potestatam
1093 847 1276 927 deveniat.
1300 893 1334 904 -
1350 844 1498 926 Alricus
1527 843 1759 948 subscripsit,
1779 845 1814 922 S.
1837 843 1958 922 Maiu-

437 967 528 1047 fredi
558 965 799 1056 marchionis,
829 966 864 1046 S.
892 967 1053 1045 Bertaue
1080 963 1306 1046 comitissae.

511 1087 681 1166 Herenzo
709 1083 876 1164 notarius
904 1097 941 1163 et
963 1085 1079 1183 J'udex
1108 1085 1145 1164 S.
1172 1084 1304 1164 Palatii
1332 1084 1491 1187 scripsit.

594 1238 634 1315 (Ε
657 1238 732 1299 Tab.
757 1237 845 1297 Eccl.
870 1237 998 1314 Matrop.
1022 1235 1234 1297 Tamicensis.
1261 1238 1304 1298 M.
1318 1237 1362 1298 H.
1379 1237 1429 1309 P.,
1452 1235 1500 1298 ool
1522 1237 1606 1312 472).

743 1581 855 1644 LXXI.
887 1619 919 1627 -
949 1577 1170 1648 Alriour
1201 1580 1252 1647 at
1287 1577 1647 1651 Giaolbertua.

869 1759 958 1829 1028,
981 1761 1019 1817 28
1041 1757 1228 1819 Decembris.
1252 1757 1323 1819 Ind.
1347 1776 1410 1818 xu.
1433 1758 1535 1818 Actae.

512 1939 765 2017 Commutatio
793 1939 980 2018 bonorum
1010 1938 1106 2017 iuter
1133 1936 1346 2018 Adelrioum
1371 1938 1586 2039 episcopum
1607 1937 1805 2016 Astousem
1833 1953 1870 2013 et
1890 1937 1956 2014 Gi·

437 2058 643 2138 aelbertum
672 2057 920 2160 presbiterum
947 2058 973 2137 f.
1003 2058 1194 2160 quondam
1223 2056 1377 2144 Leonis,
1405 2057 1486 2160 lege
1514 2055 1701 2134 virentem
1737 2055 1955 2159 Langobar-

438 2178 571 2255 dorum
600 2203 645 2256 ex
672 2175 822 2257 natione
850 2204 928 2256 sua.
955 2177 1059 2256 Boua
1087 2174 1206 2278 posita
1233 2187 1322 2256 suut
1347 2174 1504 2264 sexanti,
1532 2188 1569 2252 et
1596 2201 1709 2279 prope
1737 2170 1859 2253 rivum
1889 2173 1955 2276 qui

438 2294 574 2374 dicitur
599 2294 707 2374 latus.
738 2296 772 2375 S.
803 2292 1003 2376 Giselberti
1031 2294 1249 2398 praesbiteri
1270 2341 1286 2352 -
1306 2295 1342 2374 S.
1371 2292 1579 2373 Graseverti
1608 2291 1829 2396 praesbiteri
1850 2290 1955 2370 missi

438 2412 599 2519 episcopi
628 2442 739 2515 super
767 2414 863 2492 hano
890 2441 980 2492 rem.

512 2532 619 2612 Abba
648 2533 812 2612 notarius
840 2544 877 2611 et
903 2532 1015 2610 iudex
1044 2533 1079 2610 S.
1108 2532 1238 2611 Palatii
1267 2531 1425 2635 scripsit.

597 2685 637 2761 (a
659 2685 735 2745 rau.
751 2643 834 2745 'aaa
860 2683 952 2745 euru.
976 2684 1125 2745 ascensu.
1150 2686 1196 2746 u.
1219 2686 1263 2745 rr.
1287 2684 1325 2745 P.
1350 2684 1458 2747 chari.
1481 2685 1565 2746 1001
1588 2683 1670 2761 475).

557 3025 690 3093 LXXII.
719 3065 768 3076 —
793 3024 933 3114 Aymo
959 3022 1210 3096 Bellicum·
1237 3024 1337 3111 opis.
1367 3030 1410 3095 at
1437 3024 1663 3097 umbertus
1690 3041 1840 3094 comas.

1035 3204 1108 3265 Sina
1129 3225 1211 3266 anno
1232 3209 1261 3266 et
1282 3207 1359 3266 loco.

516 3384 733 3487 Complures
768 3383 926 3480 nobiles
955 3384 993 3463 iu
1023 3385 1235 3485 praesencia
1264 3385 1433 3464 Aimouis
1465 3386 1683 3465 Bellioeusis
1717 3385 1889 3489 episcopi,
1920 3397 1956 3464 et

439 3517 525 3583 aute
553 3502 752 3582 domiuum
781 3504 1035 3583 Humbartum
1058 3504 1240 3584 Comitem
1263 3517 1300 3582 et
1319 3505 1441 3584 filium
1470 3512 1550 3606 ejus
1569 3504 1793 3595 Amedeum,
1815 3506 1956 3585 donant

437 3624 549 3704 iterio
576 3614 714 3702 Abbati
743 3635 781 3702 et
808 3623 1004 3703 monachis
1039 3623 1084 3702 de
1120 3623 1323 3703 Saviniauo
1358 3636 1476 3703 totam
1512 3638 1652 3702 terram
1688 3650 1783 3725 quae
1819 3622 1956 3704 dicitur

438 3740 731 3822 Vulbacenchis.

596 3894 636 3972 (Ε
668 3893 825 3956 chartario
857 3894 1018 3956 saviniaci
1049 3894 1246 3973 transcripsit
1277 3897 1311 3954 P.
1335 3895 1386 3954 Da
1419 3896 1538 3955 Rrvaz.
1570 3894 1731 3956 (irascare
1758 3901 1787 3955 et
1820 3896 1952 3968 Paoms,

517 3992 610 4061 Dec,
632 4011 662 4070 p.
687 3991 749 4070 27.)

768 4315 917 4380 LXXtH.
947 4351 995 4362 —
1022 4311 1161 4402 Aymo
1189 4312 1474 4385 Petraefortia
1500 4315 1633 4386 mileu.

1034 4494 1107 4554 Sina
1127 4514 1210 4554 cnuo
1232 4498 1261 4554 ot
1282 4495 1359 4555 loco.

510 4675 630 4776 Aymo
658 4672 893 4751 Petraet'ortis
921 4673 1151 4751 saecularem
1174 4673 1348 4753 militium
1368 4702 1500 4777 gerens
1520 4675 1638 4755 tradit
1659 4676 1842 4756 coenobio
1870 4676 1950 4754 Clu·
2054 4675 2055 4690 *

439 4792 613 4887 uiaoausi,
642 4790 707 4870 ubi
735 4803 881 4893 praeest
907 4791 1015 4871 Odilo
1045 4790 1183 4888 Abbas,
1212 4793 1337 4872 villam
1358 4821 1466 4872 suam
1486 4795 1596 4874 sitam
1617 4794 1655 4874 in
1685 4822 1777 4900 pago
1807 4796 1954 4876 Gratia·
2054 4853 2055 4896 ,

436 4910 672 5015 nopolitauo,
712 4911 893 4990 comitatu
934 4912 1163 5016 Savogeusi,
1198 4912 1257 4992 cui
1299 4941 1437 4991 uomeu
1479 4926 1536 4992 est
1573 4942 1681 4993 mons
1721 4914 1950 4994 Ermenoldi.

433 5033 470 5112 S.
500 5030 670 5111 Umberti
706 5029 880 5122 Comitia,
908 5031 942 5110 S.
972 5031 1128 5111 Amedei
1165 5031 1233 5112 tilii
1272 5039 1370 5132 ejus,
1405 5034 1440 5112 S.
1478 5033 1673 5124 Burcardi,
1702 5035 1737 5114 S.
1773 5033 1949 5116 Oddouis.
2054 5053 2055 5100 t

435 5153 470 5231 S.
498 5149 686 5252 Aymouis,
714 5149 776 5250 qui
806 5149 947 5227 donum
980 5149 1065 5228 iecit
1093 5163 1130 5228 et
1159 5163 1444 5229 testamcutmu.

591 5301 631 5382 (Ε
655 5303 730 5364 'feb
756 5302 915 5362 Prior-atus
938 5301 1078 5377 Burgeti.
1107 5303 1315 5378 Gurcuarou,
1339 5305 1489 5378 Preurco,
1511 5326 1582 5385 pag.
1607 5311 1649 5386 5).
