4070 6186
563 373 596 440 S.
624 373 868 442 MAURITIUS
895 373 1057 440 AGAUN.
1504 373 1572 436 143

134 613 236 676 comiti
265 611 455 675 Gsbsnnsnsi
486 615 605 693 nuptu,
636 613 690 694 qni
723 613 897 676 Guilelmus
927 615 944 674 I
975 631 1038 675 esse
1068 611 1188 674 ridetur
1199 655 1208 686 ‚
1241 610 1318 672 obiit
1349 612 1421 673 ants
1454 628 1573 671 annum

135 727 309 772 ucuxxvrr.
337 709 385 769 Ex
413 729 474 790 qno
503 710 705 773 matrimonio
730 710 912 774 Umbsrtum
937 709 1166 772 esbennonssm
1200 707 1342 771 comitem
1370 711 1483 770 netum
1513 727 1576 770 essa

136 807 282 886 conjicere
302 806 385 881 licet,
407 825 484 869 nam
511 807 642 881 Ebolus,
673 807 812 871 Umberti
841 807 937 883 filius,
966 808 1108 872 heredem
1135 805 1273 869 instituit
1300 805 1426 867 Petrum
1457 805 1493 868 ds
1520 805 1576 868 Ss-

136 903 283 983 bnudis).
409 912 413 917 ’

384 1301 639 1370 CCCLXXXVI.
670 1339 705 1350 -
733 1299 929 1372 castrum
957 1295 1242 1371 (turnillionls.

288 1514 375 1590 1195,
397 1513 431 1575 in
452 1513 528 1622 isstp
550 1513 583 1576 Β.
606 1513 757 1576 Andreae.
780 1513 873 1593 Apud
894 1511 1128 1576 Osmberiscum
1150 1512 1184 1574 in
1206 1513 1333 1593 templo.

124 1712 331 1794 Consentio
373 1713 471 1794 iuter
505 1712 734 1817 Repueriam
778 1713 955 1794 abbatem
993 1714 1029 1794 S.
1057 1712 1284 1816 Rayneberti
1313 1723 1350 1792 et
1387 1711 1571 1792 Thomam

55 1829 228 1910 comitem
258 1831 480 1922 Sahaudiae,
508 1860 622 1936 super
647 1834 818 1914 Castrum
840 1832 1097 1926 Curnillionis‚
1116 1839 1152 1912 in
1181 1832 1393 1935 praesencia
1413 1831 1575 1934 episcopi

56 1950 388 2054 Gratianopolitaoi
409 1966 447 2032 et
464 1953 780 2034 Mauriennensis.
802 1955 937 2034 Comes
956 1951 1056 2032 cedit
1075 1964 1252 2040 castrum,
1272 1950 1404 2031 multis
1423 1949 1493 2031 sihi
1513 1957 1575 2058 jn·

56 2071 155 2150 ribus
183 2071 390 2164 reservatis,
419 2085 457 2152 et
482 2072 608 2153 abbati
637 2073 859 2153 fidelitatem
891 2073 987 2152 lacit.
1017 2074 1054 2152 Si
1083 2100 1170 2152 cero
1198 2100 1218 2151 a
1246 2073 1361 2175 pactis
1383 2071 1577 2151 consentis

53 2189 222 2286 resiliret,
251 2190 414 2295 episcopi
444 2191 621 2294 praedicti
652 2191 759 2271 illum
781 2208 817 2271 et
842 2208 977 2272 terram
999 2219 1105 2271 suram
1137 2191 1173 2270 in
1201 2219 1330 2271 eorum
1360 2191 1574 2293 episcopatu

53 2321 251 2389 teneantur
278 2309 514 2400 interdicere,
544 2311 665 2391 donec
694 2311 839 2413 plenius
866 2311 1077 2391 satisfaciat.
1096 2312 1325 2391 duraverant
1352 2309 1576 2412 hymericus

52 2428 95 2506 de
122 2429 327 2526 Brianpon,
357 2427 479 2510 Guido
506 2429 552 2509 de
573 2431 678 2533 Taya,
701 2432 889 2511 hmedeus
908 2443 946 2509 et
964 2431 1197 2511 Hnmbertus
1218 2429 1264 2508 de
1284 2428 1430 2518 Villae,
1451 2428 1574 2508 Berlio

54 2547 97 2626 de
125 2547 331 2641 Chambut,
357 2550 491 2629 Petrus
518 2549 565 2630 de
593 2552 754 2653 Seyssel
783 2551 982 2631 Genterius
1008 2550 1056 2630 de
1074 2551 1225 2654 Apsias,
1246 2551 1379 2630 Petrus
1408 2548 1454 2628 de
1483 2547 1572 2628 Chi-

51 2667 144 2757 nias,
173 2669 411 2748 Benirardus
439 2669 485 2748 de
512 2669 672 2766 Vienna,
709 2671 911 2752 Guilredus
953 2671 999 2749 de
1034 2669 1248 2756 Corduena,
1290 2668 1492 2750 Antelmus
1529 2668 1574 2748 de

51 2785 229 2884 Miolano,
260 2787 462 2868 Gnilredos
501 2787 762 2884 marescalcus,
800 2789 1033 2871 Humbertus
1069 2791 1115 2867 de
1157 2789 1355 2885 Briaocon,
1385 2786 1575 2868 Arnedeus

50 2903 92 2982 de
119 2907 258 3008 Eyton,
287 2907 520 2987 Humbertos
548 2909 594 2986 de
622 2909 750 2988 Monte
778 2910 940 3013 Capella,
975 2908 1099 2989 Berlin
1127 2908 1174 2986 ds
1202 2907 1487 3002 Chamherinco,
1515 2906 1577 2988 Ri-

51 3021 217 3105 chardus
247 3025 295 3105 de
322 3025 521 3118 Chambra,
547 3028 683 3106 Ernmo
712 3030 758 3108 de
786 3030 820 3108 S.
848 3028 1045 3109 Michaele.

126 3145 273 3224 Datum
303 3172 368 3247 per
394 3173 528 3224 manus
548 3147 710 3226 Mauritii
741 3148 887 3228 notarii.

207 3331 437 3416 (Gerasenos,
463 3333 609 3408 Preuoes,
632 3353 702 3413 pag.
727 3335 791 3410 to).

274 3760 547 3828 CCCLXXXVH.
578 3801 612 3810 -
641 3758 703 3830 De
729 3755 832 3830 fillis
857 3759 1056 3832 Hauritll
1085 3758 1135 3831 ds
1163 3761 1361 3832 Ver-eset.

474 3971 547 4034 Sine
568 3973 636 4034 loco
657 3976 790 4035 stanno
811 3973 965 4050 (Exorata
985 3993 1063 4036 saec.
1087 3977 1165 4052 xri).

116 4173 364 4252 Humliertus
392 4172 452 4252 dei
480 4173 598 4278 gratia
626 4173 838 4254 Sebaodiee
865 4201 993 4254 comes
1021 4189 1058 4254 et
1085 4173 1215 4254 ltaliae
1244 4174 1425 4270 marchio,
1440 4174 1483 4253 ad
1516 4202 1579 4252 arr·

40 4305 120 4372 tum
153 4291 230 4372 filii
261 4291 318 4370 sui
347 4291 526 4385 Thomas,
554 4291 659 4372 dedit
697 4292 884 4374 Ecclesiae
913 4295 949 4374 S.
987 4293 1149 4373 Mauritii
1187 4294 1302 4398 Agar.
1345 4323 1388 4371 xx
1428 4293 1580 4385 solidos,

40 4411 104 4512 qui
134 4412 171 4492 ei
203 4409 448 4492 debebantur
465 4411 659 4491 arrauatim
682 4443 723 4490 ex
749 4415 954 4493 crematione.
993 4414 1238 4493 Postmodum
1277 4413 1440 4492 Thomas
1476 4412 1580 4492 filius

37 4530 196 4611 comitis
228 4530 357 4611 eidem
385 4531 565 4610 eeclesiae
593 4531 776 4611 concessit
806 4531 903 4612 lilios
930 4531 1094 4612 Mauritii
1121 4533 1167 4611 (le
1196 4534 1350 4612 Verasat
1369 4559 1454 4611 cnm
1474 4531 1578 4610 omni

39 4648 293 4750 possessione
320 4664 359 4729 et
386 4649 603 4751 posteritate
630 4677 759 4728 eoram
788 4651 839 4730 ita
859 4652 1033 4732 videlieet
1053 4665 1093 4729 ut.
1111 4652 1190 4756 ipse
1218 4651 1336 4730 dictos
1368 4679 1414 4729 xx
1441 4651 1581 4730 solidos

38 4767 256 4861 obtineret,
284 4768 377 4848 dum
405 4769 565 4848 ecclesia
594 4769 803 4872 praedictos
834 4771 1008 4850 homines
1036 4771 1221 4850 obtinent.
1250 4771 1289 4849 Si
1310 4797 1395 4850 vero
1415 4770 1580 4849 Thomas

36 4913 102 4968 eos
133 4887 262 4970 vellet
288 4888 493 4980 retrahere,
522 4915 609 4968 suos
628 4917 675 4968 xx
693 4889 835 4968 solidos
855 4889 1010 4969 ecclesia
1048 4893 1086 4969 in
1113 4904 1333 4992 perpetuum
1361 4889 1579 4970 retraheret.

207 5073 257 5156 (E
278 5075 355 5138 rao.
379 5077 412 5138 S.
435 5076 578 5137 llauritii
599 5078 724 5155 Agsun.
747 5077 825 5138 edid.
860 5079 1022 5139 Craaaaro
1043 5083 1072 5140 et
1097 5079 1235 5152 Paomis,
1268 5080 1344 5140 Doc.
1379 5079 1445 5157 Sip.
1480 5079 1579 5148 Mon..

121 5193 203 5250 pag.
233 5176 319 5250 101).
