<?xml version="1.0" encoding="UTF-8"?>
<!DOCTYPE html PUBLIC "-//W3C//DTD XHTML 1.0 Transitional//EN"
    "http://www.w3.org/TR/xhtml1/DTD/xhtml1-transitional.dtd">
<html xmlns="http://www.w3.org/1999/xhtml" xml:lang="en" lang="en">
 <head>
  <title>
</title>
<meta http-equiv="Content-Type" content="text/html;charset=utf-8" />
  <meta name='ocr-system' content='tesseract 3.04.00' />
  <meta name='ocr-capabilities' content='ocr_page ocr_carea ocr_par ocr_line ocrx_word'/>
</head>
<body>
  <div class='ocr_page' id='page_1' title='image "./regestacomitums00carugoog_0194.png"; bbox 0 0 4050 6188; ppageno 0'>
   <div class='ocr_carea' id='block_1_1' title="bbox 708 299 1591 369">
    <p class='ocr_par' dir='ltr' id='par_1_1' title="bbox 708 299 1591 369">
     <span class='ocr_line' id='line_1_1' title="bbox 708 299 1591 369; baseline 0 -3"><span class='ocrx_word' id='word_1_1' title='bbox 708 300 764 366; x_wconf 81' lang='lat' dir='ltr'><strong>DE</strong></span> <span class='ocrx_word' id='word_1_2' title='bbox 793 299 959 368; x_wconf 84' lang='lat' dir='ltr'>VIGONO</span> <span class='ocrx_word' id='word_1_3' title='bbox 1524 303 1591 369; x_wconf 85' lang='lat'><strong>177</strong></span> 
     </span>
    </p>
   </div>
   <div class='ocr_carea' id='block_1_2' title="bbox 81 533 1593 1004">
    <p class='ocr_par' dir='ltr' id='par_1_2' title="bbox 81 533 1593 884">
     <span class='ocr_line' id='line_1_2' title="bbox 83 533 1593 649; baseline 0.008 -37"><span class='ocrx_word' id='word_1_4' title='bbox 83 565 102 614; x_wconf 89' lang='lat' dir='ltr'><strong>n</strong></span> <span class='ocrx_word' id='word_1_5' title='bbox 131 533 203 614; x_wconf 85' lang='lat' dir='ltr'><strong>kal.</strong></span> <span class='ocrx_word' id='word_1_6' title='bbox 238 536 327 617; x_wconf 90' lang='lat' dir='ltr'><strong>maii</strong></span> <span class='ocrx_word' id='word_1_7' title='bbox 355 537 456 620; x_wconf 88' lang='lat' dir='ltr'><strong>idem</strong></span> <span class='ocrx_word' id='word_1_8' title='bbox 487 539 741 644; x_wconf 85' lang='lat' dir='ltr'><strong>promiserunt</strong></span> <span class='ocrx_word' id='word_1_9' title='bbox 767 541 904 623; x_wconf 88' lang='lat' dir='ltr'><strong>Aurico</strong></span> <span class='ocrx_word' id='word_1_10' title='bbox 932 542 978 624; x_wconf 88' lang='lat' dir='ltr'><strong>dc</strong></span> <span class='ocrx_word' id='word_1_11' title='bbox 1010 544 1141 634; x_wconf 90' lang='lat' dir='ltr'><strong>Terra,</strong></span> <span class='ocrx_word' id='word_1_12' title='bbox 1169 543 1296 625; x_wconf 88' lang='lat' dir='ltr'><strong>Cibico</strong></span> <span class='ocrx_word' id='word_1_13' title='bbox 1332 543 1379 626; x_wconf 87' lang='lat' dir='ltr'><strong>dc</strong></span> <span class='ocrx_word' id='word_1_14' title='bbox 1412 543 1593 649; x_wconf 83' lang='lat' dir='ltr'><strong>Bagnolio</strong></span> 
     </span>
     <span class='ocr_line' id='line_1_3' title="bbox 83 653 1593 760; baseline 0.009 -27"><span class='ocrx_word' id='word_1_15' title='bbox 83 669 114 733; x_wconf 87' lang='lat' dir='ltr'><strong>et</strong></span> <span class='ocrx_word' id='word_1_16' title='bbox 139 653 340 736; x_wconf 89' lang='lat' dir='ltr'><strong>Guillelmo</strong></span> <span class='ocrx_word' id='word_1_17' title='bbox 359 657 406 738; x_wconf 89' lang='lat' dir='ltr'><strong>de</strong></span> <span class='ocrx_word' id='word_1_18' title='bbox 433 658 544 739; x_wconf 90' lang='lat' dir='ltr'><strong>Terra</strong></span> <span class='ocrx_word' id='word_1_19' title='bbox 572 671 609 738; x_wconf 89' lang='lat' dir='ltr'><strong>et</strong></span> <span class='ocrx_word' id='word_1_20' title='bbox 635 661 816 741; x_wconf 88' lang='lat' dir='ltr'><strong>Anselmo</strong></span> <span class='ocrx_word' id='word_1_21' title='bbox 835 664 881 742; x_wconf 87' lang='lat' dir='ltr'><strong>de</strong></span> <span class='ocrx_word' id='word_1_22' title='bbox 901 663 1036 760; x_wconf 91' lang='lat' dir='ltr'><strong>Barsis‚</strong></span> <span class='ocrx_word' id='word_1_23' title='bbox 1055 691 1184 744; x_wconf 88' lang='lat' dir='ltr'><strong>eorum</strong></span> <span class='ocrx_word' id='word_1_24' title='bbox 1206 663 1360 743; x_wconf 89' lang='lat' dir='ltr'><strong>nomine</strong></span> <span class='ocrx_word' id='word_1_25' title='bbox 1379 677 1417 744; x_wconf 87' lang='lat' dir='ltr'><strong>et</strong></span> <span class='ocrx_word' id='word_1_26' title='bbox 1439 663 1593 746; x_wconf 91' lang='lat' dir='ltr'><strong>nomino</strong></span> 
     </span>
     <span class='ocr_line' id='line_1_4' title="bbox 81 773 817 884; baseline 0.007 -33"><span class='ocrx_word' id='word_1_27' title='bbox 81 773 333 856; x_wconf 92' lang='lat' dir='ltr'><strong>consortilium</strong></span> <span class='ocrx_word' id='word_1_28' title='bbox 360 778 408 857; x_wconf 89' lang='lat' dir='ltr'><strong>de</strong></span> <span class='ocrx_word' id='word_1_29' title='bbox 434 777 559 859; x_wconf 90' lang='lat' dir='ltr'><strong>Bersis</strong></span> <span class='ocrx_word' id='word_1_30' title='bbox 586 792 624 858; x_wconf 92' lang='lat' dir='ltr'><strong>et</strong></span> <span class='ocrx_word' id='word_1_31' title='bbox 650 781 817 884; x_wconf 82' lang='lat' dir='ltr'><strong>Bagnoli.</strong></span> 
     </span>
    </p>

    <p class='ocr_par' dir='ltr' id='par_1_3' title="bbox 149 892 908 1004">
     <span class='ocr_line' id='line_1_5' title="bbox 149 892 908 1004; baseline 0.007 -33"><span class='ocrx_word' id='word_1_32' title='bbox 149 892 295 973; x_wconf 85' lang='lat' dir='ltr'><strong>Alarins</strong></span> <span class='ocrx_word' id='word_1_33' title='bbox 321 896 368 974; x_wconf 89' lang='lat' dir='ltr'><strong>de</strong></span> <span class='ocrx_word' id='word_1_34' title='bbox 395 897 523 977; x_wconf 83' lang='lat' dir='ltr'><strong>Alario</strong></span> <span class='ocrx_word' id='word_1_35' title='bbox 553 899 721 980; x_wconf 88' lang='lat' dir='ltr'><strong>notarius</strong></span> <span class='ocrx_word' id='word_1_36' title='bbox 749 899 908 1004; x_wconf 79' lang='lat' dir='ltr'><strong>scripsit.</strong></span> 
     </span>
    </p>
   </div>
   <div class='ocr_carea' id='block_1_3' title="bbox 230 1047 1455 1134">
    <p class='ocr_par' dir='ltr' id='par_1_4' title="bbox 230 1047 1455 1134">
     <span class='ocr_line' id='line_1_6' title="bbox 230 1047 1455 1134; baseline 0.007 -26"><span class='ocrx_word' id='word_1_37' title='bbox 230 1047 273 1126; x_wconf 81' lang='grc' dir='ltr'><strong>(Ε</strong></span> <span class='ocrx_word' id='word_1_38' title='bbox 294 1047 371 1110; x_wconf 79' lang='lat' dir='ltr'><strong>ch.</strong></span> <span class='ocrx_word' id='word_1_39' title='bbox 395 1049 465 1114; x_wconf 75' lang='lat' dir='ltr'><strong>(liv.</strong></span> <span class='ocrx_word' id='word_1_40' title='bbox 487 1050 709 1116; x_wconf 76' lang='lat' dir='ltr'><strong>vercellarum.</strong></span> <span class='ocrx_word' id='word_1_41' title='bbox 732 1052 819 1116; x_wconf 77' lang='lat' dir='ltr'><strong>Hor.</strong></span> <span class='ocrx_word' id='word_1_42' title='bbox 841 1055 916 1117; x_wconf 79' lang='lat' dir='ltr'><strong>Par.</strong></span> <span class='ocrx_word' id='word_1_43' title='bbox 940 1054 1041 1128; x_wconf 71' lang='lat' dir='ltr'><strong>Mon„</strong></span> <span class='ocrx_word' id='word_1_44' title='bbox 1064 1054 1175 1119; x_wconf 66' lang='lat' dir='ltr'><strong>chart</strong></span> <span class='ocrx_word' id='word_1_45' title='bbox 1197 1055 1244 1129; x_wconf 91' lang='lat'><strong>11,</strong></span> <span class='ocrx_word' id='word_1_46' title='bbox 1266 1056 1326 1117; x_wconf 89' lang='lat' dir='ltr'><strong>col.</strong></span> <span class='ocrx_word' id='word_1_47' title='bbox 1351 1056 1455 1134; x_wconf 81' lang='lat'><strong>1815).</strong></span> 
     </span>
    </p>
   </div>
   <div class='ocr_carea' id='block_1_4' title="bbox 320 1311 1343 1434">
    <p class='ocr_par' dir='ltr' id='par_1_5' title="bbox 320 1311 1343 1434">
     <span class='ocr_line' id='line_1_7' title="bbox 320 1311 1343 1434; baseline 0.004 -8"><span class='ocrx_word' id='word_1_48' title='bbox 320 1359 540 1428; x_wconf 82' lang='lat' dir='ltr'>CDLXXVII.</span> <span class='ocrx_word' id='word_1_49' title='bbox 571 1401 607 1410; x_wconf 98' lang='lat'>—</span> <span class='ocrx_word' id='word_1_50' title='bbox 636 1358 871 1433; x_wconf 70' lang='lat' dir='ltr'><strong>Guilelmus</strong></span> <span class='ocrx_word' id='word_1_51' title='bbox 896 1311 1087 1434; x_wconf 73' lang='lat' dir='ltr'><strong>marchio</strong></span> <span class='ocrx_word' id='word_1_52' title='bbox 1115 1360 1166 1433; x_wconf 82' lang='lat' dir='ltr'><strong>dc</strong></span> <span class='ocrx_word' id='word_1_53' title='bbox 1193 1365 1343 1434; x_wconf 70' lang='lat' dir='ltr'><strong>Bucco.</strong></span> 
     </span>
    </p>
   </div>
   <div class='ocr_carea' id='block_1_5' title="bbox 670 1539 995 1605">
    <p class='ocr_par' dir='ltr' id='par_1_6' title="bbox 670 1539 995 1605">
     <span class='ocr_line' id='line_1_8' title="bbox 670 1539 995 1605; baseline -0.006 -1"><span class='ocrx_word' id='word_1_54' title='bbox 670 1539 743 1604; x_wconf 82' lang='lat' dir='ltr'><strong>Siue</strong></span> <span class='ocrx_word' id='word_1_55' title='bbox 763 1560 847 1604; x_wconf 80' lang='lat' dir='ltr'><strong>anno</strong></span> <span class='ocrx_word' id='word_1_56' title='bbox 867 1545 897 1604; x_wconf 86' lang='lat' dir='ltr'><strong>ct</strong></span> <span class='ocrx_word' id='word_1_57' title='bbox 917 1543 995 1605; x_wconf 90' lang='lat' dir='ltr'><strong>loco.</strong></span> 
     </span>
    </p>
   </div>
   <div class='ocr_carea' id='block_1_6' title="bbox 72 1736 1595 2204">
    <p class='ocr_par' dir='ltr' id='par_1_7' title="bbox 72 1736 1595 2204">
     <span class='ocr_line' id='line_1_9' title="bbox 148 1736 1594 1824; baseline 0.005 -8"><span class='ocrx_word' id='word_1_58' title='bbox 148 1736 314 1818; x_wconf 85' lang='lat' dir='ltr'>Thomas</span> <span class='ocrx_word' id='word_1_59' title='bbox 342 1738 476 1817; x_wconf 85' lang='lat' dir='ltr'><strong>Comes</strong></span> <span class='ocrx_word' id='word_1_60' title='bbox 511 1738 754 1820; x_wconf 84' lang='lat' dir='ltr'><strong>Mauriennae</strong></span> <span class='ocrx_word' id='word_1_61' title='bbox 790 1741 951 1822; x_wconf 81' lang='lat' dir='ltr'><strong>absolvit</strong></span> <span class='ocrx_word' id='word_1_62' title='bbox 986 1742 1217 1824; x_wconf 86' lang='lat' dir='ltr'><strong>Guilelmum</strong></span> <span class='ocrx_word' id='word_1_63' title='bbox 1256 1743 1512 1824; x_wconf 87' lang='lat' dir='ltr'><strong>Marchionem</strong></span> <span class='ocrx_word' id='word_1_64' title='bbox 1548 1744 1594 1823; x_wconf 89' lang='lat' dir='ltr'><strong>de</strong></span> 
     </span>
     <span class='ocr_line' id='line_1_10' title="bbox 76 1856 1595 1964; baseline 0.005 -29"><span class='ocrx_word' id='word_1_65' title='bbox 76 1858 191 1936; x_wconf 82' lang='lat' dir='ltr'><strong>Basca</strong></span> <span class='ocrx_word' id='word_1_66' title='bbox 219 1885 241 1937; x_wconf 88' lang='lat' dir='ltr'><strong>a</strong></span> <span class='ocrx_word' id='word_1_67' title='bbox 267 1856 452 1938; x_wconf 81' lang='lat' dir='ltr'><strong>fidelitate</strong></span> <span class='ocrx_word' id='word_1_68' title='bbox 479 1886 553 1963; x_wconf 89' lang='lat' dir='ltr'><strong>qua</strong></span> <span class='ocrx_word' id='word_1_69' title='bbox 582 1860 615 1938; x_wconf 93' lang='lat' dir='ltr'><strong>ic</strong></span> <span class='ocrx_word' id='word_1_70' title='bbox 642 1861 841 1941; x_wconf 86' lang='lat' dir='ltr'><strong>tenebatur</strong></span> <span class='ocrx_word' id='word_1_71' title='bbox 868 1889 933 1964; x_wconf 91' lang='lat' dir='ltr'><strong>pro</strong></span> <span class='ocrx_word' id='word_1_72' title='bbox 960 1863 1081 1943; x_wconf 88' lang='lat' dir='ltr'><strong>feudis</strong></span> <span class='ocrx_word' id='word_1_73' title='bbox 1112 1863 1261 1944; x_wconf 81' lang='lat' dir='ltr'><strong>Busche</strong></span> <span class='ocrx_word' id='word_1_74' title='bbox 1299 1874 1336 1943; x_wconf 91' lang='lat' dir='ltr'><strong>et</strong></span> <span class='ocrx_word' id='word_1_75' title='bbox 1362 1862 1595 1958; x_wconf 85' lang='lat' dir='ltr'><strong>Scarnefixii,</strong></span> 
     </span>
     <span class='ocr_line' id='line_1_11' title="bbox 74 1976 1592 2065; baseline 0.007 -11"><span class='ocrx_word' id='word_1_76' title='bbox 74 1989 108 2054; x_wconf 88' lang='lat' dir='ltr'><strong>et</strong></span> <span class='ocrx_word' id='word_1_77' title='bbox 136 1976 359 2058; x_wconf 90' lang='lat' dir='ltr'><strong>fidelitatem</strong></span> <span class='ocrx_word' id='word_1_78' title='bbox 388 1979 550 2059; x_wconf 87' lang='lat' dir='ltr'><strong>eandem</strong></span> <span class='ocrx_word' id='word_1_79' title='bbox 579 1981 774 2060; x_wconf 83' lang='lat' dir='ltr'><strong>Manfredo</strong></span> <span class='ocrx_word' id='word_1_80' title='bbox 802 1982 1013 2063; x_wconf 87' lang='lat' dir='ltr'><strong>Marchioni</strong></span> <span class='ocrx_word' id='word_1_81' title='bbox 1041 1983 1279 2065; x_wconf 91' lang='lat' dir='ltr'><strong>Saluciarum</strong></span> <span class='ocrx_word' id='word_1_82' title='bbox 1307 1983 1480 2064; x_wconf 87' lang='lat' dir='ltr'><strong>concedit</strong></span> <span class='ocrx_word' id='word_1_83' title='bbox 1506 2012 1592 2064; x_wconf 88' lang='lat' dir='ltr'><strong>cum</strong></span> 
     </span>
     <span class='ocr_line' id='line_1_12' title="bbox 72 2093 1424 2204; baseline 0.004 -30"><span class='ocrx_word' id='word_1_84' title='bbox 72 2093 293 2177; x_wconf 79' lang='lat' dir='ltr'><strong>investitura</strong></span> <span class='ocrx_word' id='word_1_85' title='bbox 321 2097 507 2178; x_wconf 89' lang='lat' dir='ltr'><strong>dictorum</strong></span> <span class='ocrx_word' id='word_1_86' title='bbox 537 2099 735 2180; x_wconf 84' lang='lat' dir='ltr'><strong>feudorum</strong></span> <span class='ocrx_word' id='word_1_87' title='bbox 764 2102 954 2204; x_wconf 88' lang='lat' dir='ltr'><strong>praedicto</strong></span> <span class='ocrx_word' id='word_1_88' title='bbox 981 2102 1176 2184; x_wconf 87' lang='lat' dir='ltr'><strong>Manfredo</strong></span> <span class='ocrx_word' id='word_1_89' title='bbox 1204 2102 1424 2184; x_wconf 90' lang='lat' dir='ltr'><strong>Marchioni.</strong></span> 
     </span>
    </p>
   </div>
   <div class='ocr_carea' id='block_1_7' title="bbox 146 2249 1594 2430">
    <p class='ocr_par' dir='ltr' id='par_1_8' title="bbox 146 2249 1594 2430">
     <span class='ocr_line' id='line_1_13' title="bbox 232 2249 1594 2332; baseline 0.006 -22"><span class='ocrx_word' id='word_1_90' title='bbox 232 2249 275 2330; x_wconf 80' lang='grc' dir='ltr'><strong>(Ε</strong></span> <span class='ocrx_word' id='word_1_91' title='bbox 297 2251 336 2311; x_wconf 82' lang='grc' dir='ltr'><strong>Β.</strong></span> <span class='ocrx_word' id='word_1_92' title='bbox 360 2250 436 2313; x_wconf 75' lang='lat' dir='ltr'><strong>ch.</strong></span> <span class='ocrx_word' id='word_1_93' title='bbox 460 2251 657 2315; x_wconf 77' lang='lat' dir='ltr'><strong>Taurinensi.</strong></span> <span class='ocrx_word' id='word_1_94' title='bbox 682 2254 826 2328; x_wconf 67' lang='lat' dir='ltr'><strong>Salasso,</strong></span> <span class='ocrx_word' id='word_1_95' title='bbox 848 2255 1057 2317; x_wconf 78' lang='lat' dir='ltr'><strong>Murchomto.</strong></span> <span class='ocrx_word' id='word_1_96' title='bbox 1081 2257 1150 2319; x_wconf 81' lang='lat' dir='ltr'><strong>Oct.</strong></span> <span class='ocrx_word' id='word_1_97' title='bbox 1171 2256 1231 2332; x_wconf 90' lang='lat' dir='ltr'><strong>IV,</strong></span> <span class='ocrx_word' id='word_1_98' title='bbox 1247 2257 1339 2322; x_wconf 80' lang='lat' dir='ltr'><strong>Fuso.</strong></span> <span class='ocrx_word' id='word_1_99' title='bbox 1355 2257 1385 2330; x_wconf 92' lang='lat'><strong>1,</strong></span> <span class='ocrx_word' id='word_1_100' title='bbox 1400 2276 1433 2318; x_wconf 90' lang='lat' dir='ltr'><strong>n.</strong></span> <span class='ocrx_word' id='word_1_101' title='bbox 1449 2257 1479 2318; x_wconf 89' lang='grc'><strong>7.</strong></span> <span class='ocrx_word' id='word_1_102' title='bbox 1496 2255 1594 2318; x_wconf 77' lang='lat' dir='ltr'><strong>Tran-</strong></span> 
     </span>
     <span class='ocr_line' id='line_1_14' title="bbox 146 2347 497 2430; baseline 0.006 -20"><span class='ocrx_word' id='word_1_103' title='bbox 146 2347 275 2430; x_wconf 83' lang='lat' dir='ltr'><strong>scripsit</strong></span> <span class='ocrx_word' id='word_1_104' title='bbox 295 2347 334 2410; x_wconf 90' lang='lat' dir='ltr'><strong>P.</strong></span> <span class='ocrx_word' id='word_1_105' title='bbox 361 2348 497 2430; x_wconf 75' lang='lat' dir='ltr'><strong>Versa).</strong></span> 
     </span>
    </p>
   </div>
   <div class='ocr_carea' id='block_1_8' title="bbox 329 2576 1338 2870">
    <p class='ocr_par' dir='ltr' id='par_1_9' title="bbox 329 2576 1338 2870">
     <span class='ocr_line' id='line_1_15' title="bbox 329 2576 1338 2719; baseline 0.002 -23"><span class='ocrx_word' id='word_1_106' title='bbox 329 2629 565 2696; x_wconf 80' lang='lat' dir='ltr'>ODLXXVIII.</span> <span class='ocrx_word' id='word_1_107' title='bbox 597 2670 627 2678; x_wconf 95' lang='lat'>-</span> <span class='ocrx_word' id='word_1_108' title='bbox 661 2627 816 2700; x_wconf 72' lang='lat' dir='ltr'><strong>cestre</strong></span> <span class='ocrx_word' id='word_1_109' title='bbox 843 2576 1020 2719; x_wconf 69' lang='lat' dir='ltr'><strong>Horgex</strong></span> <span class='ocrx_word' id='word_1_110' title='bbox 1045 2631 1090 2699; x_wconf 80' lang='lat' dir='ltr'><strong>et</strong></span> <span class='ocrx_word' id='word_1_111' title='bbox 1119 2626 1338 2701; x_wconf 74' lang='lat' dir='ltr'><strong>chinonis.</strong></span> 
     </span>
     <span class='ocr_line' id='line_1_16' title="bbox 793 2810 880 2870; baseline -0.011 0"><span class='ocrx_word' id='word_1_112' title='bbox 793 2810 880 2870; x_wconf 78' lang='lat' dir='ltr'><strong>ruat.</strong></span> 
     </span>
    </p>
   </div>
   <div class='ocr_carea' id='block_1_9' title="bbox 142 2990 1593 3095">
    <p class='ocr_par' dir='ltr' id='par_1_10' title="bbox 142 2990 1593 3095">
     <span class='ocr_line' id='line_1_17' title="bbox 142 2990 1593 3095; baseline -0.001 -23"><span class='ocrx_word' id='word_1_113' title='bbox 142 2991 355 3073; x_wconf 72' lang='lat' dir='ltr'><strong>Consentio</strong></span> <span class='ocrx_word' id='word_1_114' title='bbox 384 2993 481 3073; x_wconf 88' lang='lat' dir='ltr'><strong>inter</strong></span> <span class='ocrx_word' id='word_1_115' title='bbox 509 2992 694 3072; x_wconf 91' lang='lat' dir='ltr'><strong>Thomam</strong></span> <span class='ocrx_word' id='word_1_116' title='bbox 723 2991 902 3072; x_wconf 84' lang='lat' dir='ltr'><strong>comitem</strong></span> <span class='ocrx_word' id='word_1_117' title='bbox 932 2991 1143 3071; x_wconf 84' lang='lat' dir='ltr'><strong>Sahaudiac</strong></span> <span class='ocrx_word' id='word_1_118' title='bbox 1185 3007 1223 3070; x_wconf 87' lang='lat' dir='ltr'><strong>et</strong></span> <span class='ocrx_word' id='word_1_119' title='bbox 1258 2990 1483 3072; x_wconf 88' lang='lat' dir='ltr'><strong>Lendricnm</strong></span> <span class='ocrx_word' id='word_1_120' title='bbox 1514 2991 1593 3095; x_wconf 88' lang='lat' dir='ltr'><strong>epi·</strong></span> 
     </span>
    </p>
   </div>
   <div class='ocr_carea' id='block_1_10' title="bbox 61 3110 1596 4530">
    <p class='ocr_par' dir='ltr' id='par_1_11' title="bbox 61 3110 1596 4530">
     <span class='ocr_line' id='line_1_18' title="bbox 68 3110 1593 3216; baseline -0.001 -24"><span class='ocrx_word' id='word_1_121' title='bbox 68 3140 227 3216; x_wconf 89' lang='lat' dir='ltr'><strong>scopum</strong></span> <span class='ocrx_word' id='word_1_122' title='bbox 257 3112 532 3191; x_wconf 87' lang='lat' dir='ltr'><strong>Seduncnsem.</strong></span> <span class='ocrx_word' id='word_1_123' title='bbox 553 3111 688 3192; x_wconf 84' lang='lat' dir='ltr'><strong>Comes</strong></span> <span class='ocrx_word' id='word_1_124' title='bbox 707 3111 808 3191; x_wconf 88' lang='lat' dir='ltr'><strong>cedit</strong></span> <span class='ocrx_word' id='word_1_125' title='bbox 825 3110 997 3214; x_wconf 89' lang='lat' dir='ltr'><strong>episcopo</strong></span> <span class='ocrx_word' id='word_1_126' title='bbox 1021 3122 1185 3190; x_wconf 87' lang='lat' dir='ltr'><strong>castrum</strong></span> <span class='ocrx_word' id='word_1_127' title='bbox 1205 3111 1378 3216; x_wconf 80' lang='lat' dir='ltr'><strong>Morgcx3</strong></span> <span class='ocrx_word' id='word_1_128' title='bbox 1398 3111 1593 3214; x_wconf 89' lang='lat' dir='ltr'><strong>episcopus</strong></span> 
     </span>
     <span class='ocr_line' id='line_1_19' title="bbox 71 3228 1594 3333; baseline -0.001 -25"><span class='ocrx_word' id='word_1_129' title='bbox 71 3233 186 3312; x_wconf 89' lang='lat' dir='ltr'><strong>solvet</strong></span> <span class='ocrx_word' id='word_1_130' title='bbox 215 3231 347 3311; x_wconf 92' lang='lat' dir='ltr'><strong>comiti</strong></span> <span class='ocrx_word' id='word_1_131' title='bbox 376 3232 414 3310; x_wconf 92' lang='lat' dir='ltr'><strong>in</strong></span> <span class='ocrx_word' id='word_1_132' title='bbox 444 3228 547 3310; x_wconf 90' lang='lat' dir='ltr'><strong>omni</strong></span> <span class='ocrx_word' id='word_1_133' title='bbox 576 3230 675 3310; x_wconf 86' lang='lat' dir='ltr'><strong>sedis</strong></span> <span class='ocrx_word' id='word_1_134' title='bbox 715 3230 923 3310; x_wconf 81' lang='lat' dir='ltr'><strong>mutatione</strong></span> <span class='ocrx_word' id='word_1_135' title='bbox 962 3229 1141 3333; x_wconf 89' lang='lat' dir='ltr'><strong>placitum</strong></span> <span class='ocrx_word' id='word_1_136' title='bbox 1170 3259 1216 3309; x_wconf 85' lang='lat' dir='ltr'><strong>xv</strong></span> <span class='ocrx_word' id='word_1_137' title='bbox 1244 3228 1440 3327; x_wconf 88' lang='lat' dir='ltr'><strong>librarum,</strong></span> <span class='ocrx_word' id='word_1_138' title='bbox 1468 3241 1506 3310; x_wconf 89' lang='lat' dir='ltr'><strong>et</strong></span> <span class='ocrx_word' id='word_1_139' title='bbox 1531 3256 1594 3308; x_wconf 88' lang='lat' dir='ltr'><strong>ca·</strong></span> 
     </span>
     <span class='ocr_line' id='line_1_20' title="bbox 67 3348 1596 3432; baseline 0 -2"><span class='ocrx_word' id='word_1_140' title='bbox 67 3363 188 3432; x_wconf 88' lang='lat' dir='ltr'><strong>strum</strong></span> <span class='ocrx_word' id='word_1_141' title='bbox 219 3349 370 3431; x_wconf 90' lang='lat' dir='ltr'><strong>Chillon</strong></span> <span class='ocrx_word' id='word_1_142' title='bbox 399 3377 485 3430; x_wconf 90' lang='lat' dir='ltr'><strong>curn</strong></span> <span class='ocrx_word' id='word_1_143' title='bbox 514 3348 693 3429; x_wconf 89' lang='lat' dir='ltr'><strong>omnihus</strong></span> <span class='ocrx_word' id='word_1_144' title='bbox 723 3349 862 3429; x_wconf 87' lang='lat' dir='ltr'><strong>viribus</strong></span> <span class='ocrx_word' id='word_1_145' title='bbox 889 3349 966 3429; x_wconf 90' lang='lat' dir='ltr'><strong>suis</strong></span> <span class='ocrx_word' id='word_1_146' title='bbox 994 3348 1182 3430; x_wconf 86' lang='lat' dir='ltr'><strong>defendet.</strong></span> <span class='ocrx_word' id='word_1_147' title='bbox 1205 3350 1367 3429; x_wconf 80' lang='lat' dir='ltr'><strong>Futurae</strong></span> <span class='ocrx_word' id='word_1_148' title='bbox 1386 3348 1596 3430; x_wconf 87' lang='lat' dir='ltr'><strong>discordiae</strong></span> 
     </span>
     <span class='ocr_line' id='line_1_21' title="bbox 65 3467 1594 3574; baseline -0.001 -24"><span class='ocrx_word' id='word_1_149' title='bbox 65 3482 233 3574; x_wconf 88' lang='lat' dir='ltr'><strong>quatuor</strong></span> <span class='ocrx_word' id='word_1_150' title='bbox 260 3469 483 3550; x_wconf 86' lang='lat' dir='ltr'><strong>arbitrorum</strong></span> <span class='ocrx_word' id='word_1_151' title='bbox 509 3467 653 3568; x_wconf 81' lang='lat' dir='ltr'><strong>judicio</strong></span> <span class='ocrx_word' id='word_1_152' title='bbox 681 3468 924 3556; x_wconf 86' lang='lat' dir='ltr'><strong>dirimantur;</strong></span> <span class='ocrx_word' id='word_1_153' title='bbox 953 3468 1169 3548; x_wconf 88' lang='lat' dir='ltr'><strong>malfatores</strong></span> <span class='ocrx_word' id='word_1_154' title='bbox 1197 3468 1288 3547; x_wconf 92' lang='lat' dir='ltr'><strong>hinc</strong></span> <span class='ocrx_word' id='word_1_155' title='bbox 1315 3467 1403 3548; x_wconf 89' lang='lat' dir='ltr'><strong>inde</strong></span> <span class='ocrx_word' id='word_1_156' title='bbox 1430 3479 1527 3548; x_wconf 86' lang='lat' dir='ltr'><strong>stare</strong></span> <span class='ocrx_word' id='word_1_157' title='bbox 1555 3469 1594 3549; x_wconf 93' lang='lat' dir='ltr'><strong>in</strong></span> 
     </span>
     <span class='ocr_line' id='line_1_22' title="bbox 62 3587 1594 3693; baseline -0.003 -23"><span class='ocrx_word' id='word_1_158' title='bbox 62 3591 219 3690; x_wconf 89' lang='lat' dir='ltr'><strong>judiciis</strong></span> <span class='ocrx_word' id='word_1_159' title='bbox 249 3601 440 3693; x_wconf 85' lang='lat' dir='ltr'><strong>cogantur.</strong></span> <span class='ocrx_word' id='word_1_160' title='bbox 460 3591 513 3668; x_wconf 82' lang='lat' dir='ltr'><strong>Ex</strong></span> <span class='ocrx_word' id='word_1_161' title='bbox 533 3602 635 3692; x_wconf 89' lang='lat' dir='ltr'><strong>parte</strong></span> <span class='ocrx_word' id='word_1_162' title='bbox 655 3588 804 3667; x_wconf 89' lang='lat' dir='ltr'><strong>comitis</strong></span> <span class='ocrx_word' id='word_1_163' title='bbox 820 3598 1042 3688; x_wconf 84' lang='lat' dir='ltr'><strong>juraverunt</strong></span> <span class='ocrx_word' id='word_1_164' title='bbox 1064 3587 1157 3668; x_wconf 89' lang='lat' dir='ltr'><strong>haec</strong></span> <span class='ocrx_word' id='word_1_165' title='bbox 1177 3603 1299 3693; x_wconf 89' lang='lat' dir='ltr'><strong>pacta:</strong></span> <span class='ocrx_word' id='word_1_166' title='bbox 1321 3587 1399 3691; x_wconf 88' lang='lat' dir='ltr'><strong>ipse</strong></span> <span class='ocrx_word' id='word_1_167' title='bbox 1417 3588 1594 3679; x_wconf 85' lang='lat' dir='ltr'><strong>Thomas,</strong></span> 
     </span>
     <span class='ocr_line' id='line_1_23' title="bbox 64 3705 1594 3813; baseline 0 -25"><span class='ocrx_word' id='word_1_168' title='bbox 64 3711 261 3790; x_wconf 83' lang='lat' dir='ltr'><strong>Amedeus</strong></span> <span class='ocrx_word' id='word_1_169' title='bbox 290 3707 563 3813; x_wconf 82' lang='lat' dir='ltr'><strong>primogenitus</strong></span> <span class='ocrx_word' id='word_1_170' title='bbox 583 3714 677 3809; x_wconf 88' lang='lat' dir='ltr'><strong>ojus,</strong></span> <span class='ocrx_word' id='word_1_171' title='bbox 696 3706 885 3787; x_wconf 88' lang='lat' dir='ltr'><strong>comitissa</strong></span> <span class='ocrx_word' id='word_1_172' title='bbox 906 3734 998 3785; x_wconf 81' lang='lat' dir='ltr'><strong>uxor</strong></span> <span class='ocrx_word' id='word_1_173' title='bbox 1017 3707 1199 3800; x_wconf 77' lang='lat' dir='ltr'><strong>Thomas,</strong></span> <span class='ocrx_word' id='word_1_174' title='bbox 1219 3734 1304 3786; x_wconf 91' lang='lat' dir='ltr'><strong>cum</strong></span> <span class='ocrx_word' id='word_1_175' title='bbox 1326 3717 1486 3810; x_wconf 89' lang='lat' dir='ltr'><strong>quatuor</strong></span> <span class='ocrx_word' id='word_1_176' title='bbox 1504 3705 1594 3788; x_wconf 90' lang='lat' dir='ltr'><strong>filiis</strong></span> 
     </span>
     <span class='ocr_line' id='line_1_24' title="bbox 63 3825 1593 3930; baseline 0.001 -24"><span class='ocrx_word' id='word_1_177' title='bbox 63 3827 226 3922; x_wconf 79' lang='lat' dir='ltr'><strong>clericis,</strong></span> <span class='ocrx_word' id='word_1_178' title='bbox 258 3826 432 3908; x_wconf 85' lang='lat' dir='ltr'><strong>videlicet</strong></span> <span class='ocrx_word' id='word_1_179' title='bbox 457 3825 668 3922; x_wconf 86' lang='lat' dir='ltr'><strong>Willelmo,</strong></span> <span class='ocrx_word' id='word_1_180' title='bbox 687 3827 842 3913; x_wconf 88' lang='lat' dir='ltr'><strong>Thoma,</strong></span> <span class='ocrx_word' id='word_1_181' title='bbox 870 3827 979 3906; x_wconf 87' lang='lat' dir='ltr'><strong>Petro</strong></span> <span class='ocrx_word' id='word_1_182' title='bbox 1006 3840 1044 3906; x_wconf 86' lang='lat' dir='ltr'><strong>et</strong></span> <span class='ocrx_word' id='word_1_183' title='bbox 1068 3825 1271 3921; x_wconf 87' lang='lat' dir='ltr'><strong>Bonifacio,</strong></span> <span class='ocrx_word' id='word_1_184' title='bbox 1297 3825 1518 3930; x_wconf 89' lang='lat' dir='ltr'><strong>Rodulphus</strong></span> <span class='ocrx_word' id='word_1_185' title='bbox 1545 3826 1593 3908; x_wconf 88' lang='lat' dir='ltr'><strong>dc</strong></span> 
     </span>
     <span class='ocr_line' id='line_1_25' title="bbox 63 3946 1591 4044; baseline 0 -18"><span class='ocrx_word' id='word_1_186' title='bbox 63 3948 235 4044; x_wconf 70' lang='lat' dir='ltr'><strong>(lomois,</strong></span> <span class='ocrx_word' id='word_1_187' title='bbox 265 3948 372 4029; x_wconf 76' lang='lat' dir='ltr'><strong>Odrlo</strong></span> <span class='ocrx_word' id='word_1_188' title='bbox 399 3947 444 4026; x_wconf 88' lang='lat' dir='ltr'><strong>do</strong></span> <span class='ocrx_word' id='word_1_189' title='bbox 473 3949 582 4026; x_wconf 86' lang='lat' dir='ltr'><strong>Porta</strong></span> <span class='ocrx_word' id='word_1_190' title='bbox 610 3946 739 4026; x_wconf 79' lang='lat' dir='ltr'><strong>Sancti</strong></span> <span class='ocrx_word' id='word_1_191' title='bbox 771 3946 864 4040; x_wconf 89' lang='lat' dir='ltr'><strong>Ursi,</strong></span> <span class='ocrx_word' id='word_1_192' title='bbox 883 3947 1027 4026; x_wconf 86' lang='lat' dir='ltr'><strong>Marcus</strong></span> <span class='ocrx_word' id='word_1_193' title='bbox 1050 3947 1096 4025; x_wconf 87' lang='lat' dir='ltr'><strong>dc</strong></span> <span class='ocrx_word' id='word_1_194' title='bbox 1116 3947 1215 4040; x_wconf 89' lang='lat' dir='ltr'><strong>Bart‚</strong></span> <span class='ocrx_word' id='word_1_195' title='bbox 1243 3947 1376 4026; x_wconf 86' lang='lat' dir='ltr'><strong>Petrus</strong></span> <span class='ocrx_word' id='word_1_196' title='bbox 1403 3946 1449 4026; x_wconf 91' lang='lat' dir='ltr'><strong>de</strong></span> <span class='ocrx_word' id='word_1_197' title='bbox 1464 3947 1591 4043; x_wconf 87' lang='lat' dir='ltr'><strong>Turre,</strong></span> 
     </span>
     <span class='ocr_line' id='line_1_26' title="bbox 62 4065 1594 4169; baseline 0 -23"><span class='ocrx_word' id='word_1_198' title='bbox 62 4069 178 4149; x_wconf 84' lang='lat' dir='ltr'><strong>Aimo</strong></span> <span class='ocrx_word' id='word_1_199' title='bbox 208 4070 259 4148; x_wconf 89' lang='lat' dir='ltr'><strong>de</strong></span> <span class='ocrx_word' id='word_1_200' title='bbox 287 4069 423 4148; x_wconf 87' lang='lat' dir='ltr'><strong>Sancto</strong></span> <span class='ocrx_word' id='word_1_201' title='bbox 443 4066 568 4154; x_wconf 85' lang='lat' dir='ltr'><strong>Paulo,</strong></span> <span class='ocrx_word' id='word_1_202' title='bbox 594 4066 814 4146; x_wconf 87' lang='lat' dir='ltr'><strong>Willclmns</strong></span> <span class='ocrx_word' id='word_1_203' title='bbox 842 4065 888 4146; x_wconf 90' lang='lat' dir='ltr'><strong>de</strong></span> <span class='ocrx_word' id='word_1_204' title='bbox 918 4065 1104 4157; x_wconf 85' lang='lat' dir='ltr'><strong>Altavilla‚</strong></span> <span class='ocrx_word' id='word_1_205' title='bbox 1131 4067 1252 4169; x_wconf 81' lang='lat' dir='ltr'><strong>Aymo</strong></span> <span class='ocrx_word' id='word_1_206' title='bbox 1280 4065 1459 4146; x_wconf 90' lang='lat' dir='ltr'><strong>dominus</strong></span> <span class='ocrx_word' id='word_1_207' title='bbox 1487 4067 1594 4146; x_wconf 86' lang='lat' dir='ltr'><strong>Fuci·</strong></span> 
     </span>
     <span class='ocr_line' id='line_1_27' title="bbox 61 4184 1594 4288; baseline 0 -24"><span class='ocrx_word' id='word_1_208' title='bbox 61 4187 173 4282; x_wconf 84' lang='lat' dir='ltr'><strong>nicei,</strong></span> <span class='ocrx_word' id='word_1_209' title='bbox 197 4187 385 4268; x_wconf 86' lang='lat' dir='ltr'><strong>Umherto</strong></span> <span class='ocrx_word' id='word_1_210' title='bbox 414 4187 460 4265; x_wconf 75' lang='lat' dir='ltr'><strong>tle</strong></span> <span class='ocrx_word' id='word_1_211' title='bbox 479 4184 610 4274; x_wconf 76' lang='lat' dir='ltr'><strong>Vitem,</strong></span> <span class='ocrx_word' id='word_1_212' title='bbox 631 4201 669 4263; x_wconf 87' lang='lat' dir='ltr'><strong>et</strong></span> <span class='ocrx_word' id='word_1_213' title='bbox 688 4185 813 4288; x_wconf 73' lang='lat' dir='ltr'><strong>piures</strong></span> <span class='ocrx_word' id='word_1_214' title='bbox 840 4185 913 4266; x_wconf 86' lang='lat' dir='ltr'><strong>elii.</strong></span> <span class='ocrx_word' id='word_1_215' title='bbox 933 4184 1113 4266; x_wconf 88' lang='lat' dir='ltr'><strong>Arluinus</strong></span> <span class='ocrx_word' id='word_1_216' title='bbox 1132 4185 1434 4288; x_wconf 82' lang='lat' dir='ltr'><strong>archiepiscopus</strong></span> <span class='ocrx_word' id='word_1_217' title='bbox 1453 4185 1594 4266; x_wconf 87' lang='lat' dir='ltr'><strong>Taran-</strong></span> 
     </span>
     <span class='ocr_line' id='line_1_28' title="bbox 62 4303 1593 4407; baseline -0.001 -23"><span class='ocrx_word' id='word_1_218' title='bbox 62 4307 194 4402; x_wconf 87' lang='lat' dir='ltr'><strong>tasiac,</strong></span> <span class='ocrx_word' id='word_1_219' title='bbox 226 4308 267 4388; x_wconf 92' lang='lat' dir='ltr'><strong>in</strong></span> <span class='ocrx_word' id='word_1_220' title='bbox 295 4313 401 4407; x_wconf 89' lang='lat' dir='ltr'><strong>cujus</strong></span> <span class='ocrx_word' id='word_1_221' title='bbox 431 4333 566 4384; x_wconf 89' lang='lat' dir='ltr'><strong>manus</strong></span> <span class='ocrx_word' id='word_1_222' title='bbox 596 4317 716 4407; x_wconf 86' lang='lat' dir='ltr'><strong>partes</strong></span> <span class='ocrx_word' id='word_1_223' title='bbox 732 4311 966 4405; x_wconf 86' lang='lat' dir='ltr'><strong>juraverunt,</strong></span> <span class='ocrx_word' id='word_1_224' title='bbox 985 4304 1170 4406; x_wconf 90' lang='lat' dir='ltr'><strong>promittit</strong></span> <span class='ocrx_word' id='word_1_225' title='bbox 1188 4303 1373 4405; x_wconf 87' lang='lat' dir='ltr'><strong>subjicere</strong></span> <span class='ocrx_word' id='word_1_226' title='bbox 1393 4303 1593 4384; x_wconf 89' lang='lat' dir='ltr'><strong>interdicto</strong></span> 
     </span>
     <span class='ocr_line' id='line_1_29' title="bbox 63 4424 595 4530; baseline -0.008 -26"><span class='ocrx_word' id='word_1_227' title='bbox 63 4439 183 4506; x_wconf 88' lang='lat' dir='ltr'><strong>terras</strong></span> <span class='ocrx_word' id='word_1_228' title='bbox 214 4437 325 4530; x_wconf 88' lang='lat' dir='ltr'><strong>pacta</strong></span> <span class='ocrx_word' id='word_1_229' title='bbox 354 4424 595 4504; x_wconf 87' lang='lat' dir='ltr'><strong>laedentium.</strong></span> 
     </span>
    </p>
   </div>
   <div class='ocr_carea' id='block_1_11' title="bbox 230 4576 1334 4660">
    <p class='ocr_par' dir='ltr' id='par_1_12' title="bbox 230 4576 1334 4660">
     <span class='ocr_line' id='line_1_30' title="bbox 230 4576 1334 4660; baseline -0.003 -20"><span class='ocrx_word' id='word_1_230' title='bbox 230 4578 275 4660; x_wconf 79' lang='grc' dir='ltr'><strong>(Ε</strong></span> <span class='ocrx_word' id='word_1_231' title='bbox 296 4579 335 4640; x_wconf 85' lang='grc' dir='ltr'><strong>Β.</strong></span> <span class='ocrx_word' id='word_1_232' title='bbox 360 4577 437 4640; x_wconf 76' lang='lat' dir='ltr'><strong>ch.</strong></span> <span class='ocrx_word' id='word_1_233' title='bbox 461 4576 657 4650; x_wconf 72' lang='lat' dir='ltr'><strong>Tarracinensi,</strong></span> <span class='ocrx_word' id='word_1_234' title='bbox 682 4577 823 4639; x_wconf 76' lang='lat' dir='ltr'><strong>Trcttcti</strong></span> <span class='ocrx_word' id='word_1_235' title='bbox 841 4579 888 4639; x_wconf 87' lang='lat' dir='ltr'><strong>ool</strong></span> <span class='ocrx_word' id='word_1_236' title='bbox 913 4577 1047 4652; x_wconf 71' lang='lat' dir='ltr'><strong>Vettona,</strong></span> <span class='ocrx_word' id='word_1_237' title='bbox 1071 4577 1161 4641; x_wconf 77' lang='lat' dir='ltr'><strong>Facu.</strong></span> <span class='ocrx_word' id='word_1_238' title='bbox 1182 4577 1211 4653; x_wconf 91' lang='lat'><strong>1,</strong></span> <span class='ocrx_word' id='word_1_239' title='bbox 1234 4597 1267 4638; x_wconf 88' lang='lat' dir='ltr'><strong>n.</strong></span> <span class='ocrx_word' id='word_1_240' title='bbox 1291 4581 1334 4658; x_wconf 81' lang='lat'><strong>4).</strong></span> 
     </span>
    </p>
   </div>
   <div class='ocr_carea' id='block_1_12' title="bbox 216 4809 1446 5112">
    <p class='ocr_par' dir='ltr' id='par_1_13' title="bbox 216 4809 1446 5112">
     <span class='ocr_line' id='line_1_31' title="bbox 216 4809 1446 4943; baseline -0.003 -20"><span class='ocrx_word' id='word_1_241' title='bbox 216 4809 423 4923; x_wconf 70' lang='lat' dir='ltr'><strong>OhLXXIX.</strong></span> <span class='ocrx_word' id='word_1_242' title='bbox 454 4894 489 4904; x_wconf 89' lang='lat'>—</span> <span class='ocrx_word' id='word_1_243' title='bbox 517 4851 788 4943; x_wconf 65' lang='lat' dir='ltr'><strong>heiligono,</strong></span> <span class='ocrx_word' id='word_1_244' title='bbox 819 4851 1045 4943; x_wconf 71' lang='lat' dir='ltr'><strong>cargnano</strong></span> <span class='ocrx_word' id='word_1_245' title='bbox 1074 4855 1117 4923; x_wconf 82' lang='lat' dir='ltr'><strong>ct</strong></span> <span class='ocrx_word' id='word_1_246' title='bbox 1145 4849 1446 4924; x_wconf 74' lang='lat' dir='ltr'><strong>(tumbaviauc.</strong></span> 
     </span>
     <span class='ocr_line' id='line_1_32' title="bbox 505 5031 1165 5112; baseline 0 -19"><span class='ocrx_word' id='word_1_247' title='bbox 505 5033 595 5107; x_wconf 78' lang='lat'>1224,</span> <span class='ocrx_word' id='word_1_248' title='bbox 620 5034 657 5093; x_wconf 80' lang='lat'><strong>13</strong></span> <span class='ocrx_word' id='word_1_249' title='bbox 677 5031 875 5112; x_wconf 80' lang='lat' dir='ltr'><strong>Septembris.</strong></span> <span class='ocrx_word' id='word_1_250' title='bbox 897 5031 969 5095; x_wconf 87' lang='lat' dir='ltr'><strong>Iud.</strong></span> <span class='ocrx_word' id='word_1_251' title='bbox 992 5051 1057 5106; x_wconf 80' lang='lat'>111,</span> <span class='ocrx_word' id='word_1_252' title='bbox 1079 5034 1165 5095; x_wconf 80' lang='lat' dir='ltr'><strong>Asta.</strong></span> 
     </span>
    </p>
   </div>
   <div class='ocr_carea' id='block_1_13' title="bbox 57 5181 1594 5460">
    <p class='ocr_par' dir='ltr' id='par_1_14' title="bbox 57 5181 1594 5460">
     <span class='ocr_line' id='line_1_33' title="bbox 98 5181 1594 5316; baseline -0.007 -14"><span class='ocrx_word' id='word_1_253' title='bbox 98 5181 315 5302; x_wconf 75' lang='lat' dir='ltr'><strong>&#39;Thomas</strong></span> <span class='ocrx_word' id='word_1_254' title='bbox 335 5217 470 5297; x_wconf 88' lang='lat' dir='ltr'><strong>Comes</strong></span> <span class='ocrx_word' id='word_1_255' title='bbox 490 5215 700 5296; x_wconf 86' lang='lat' dir='ltr'><strong>Sahaudiac</strong></span> <span class='ocrx_word' id='word_1_256' title='bbox 721 5229 759 5295; x_wconf 89' lang='lat' dir='ltr'><strong>et</strong></span> <span class='ocrx_word' id='word_1_257' title='bbox 777 5215 943 5298; x_wconf 87' lang='lat' dir='ltr'><strong>Marchio</strong></span> <span class='ocrx_word' id='word_1_258' title='bbox 963 5217 1000 5295; x_wconf 92' lang='lat' dir='ltr'><strong>in</strong></span> <span class='ocrx_word' id='word_1_259' title='bbox 1021 5215 1129 5296; x_wconf 87' lang='lat' dir='ltr'><strong>ltalia</strong></span> <span class='ocrx_word' id='word_1_260' title='bbox 1147 5213 1260 5293; x_wconf 88' lang='lat' dir='ltr'><strong>tradit</strong></span> <span class='ocrx_word' id='word_1_261' title='bbox 1279 5212 1336 5292; x_wconf 84' lang='lat' dir='ltr'><strong>rel</strong></span> <span class='ocrx_word' id='word_1_262' title='bbox 1355 5215 1459 5316; x_wconf 90' lang='lat' dir='ltr'><strong>quasi</strong></span> <span class='ocrx_word' id='word_1_263' title='bbox 1479 5213 1594 5294; x_wconf 88' lang='lat' dir='ltr'><strong>trudit</strong></span> 
     </span>
     <span class='ocr_line' id='line_1_34' title="bbox 57 5334 1592 5460; baseline -0.004 -41"><span class='ocrx_word' id='word_1_264' title='bbox 57 5341 214 5438; x_wconf 71' lang='lat' dir='ltr'><strong>Papano</strong></span> <span class='ocrx_word' id='word_1_265' title='bbox 247 5337 294 5416; x_wconf 88' lang='lat' dir='ltr'><strong>de</strong></span> <span class='ocrx_word' id='word_1_266' title='bbox 322 5338 557 5416; x_wconf 88' lang='lat' dir='ltr'><strong>Petrasancta</strong></span> <span class='ocrx_word' id='word_1_267' title='bbox 582 5335 754 5438; x_wconf 89' lang='lat' dir='ltr'><strong>potestati</strong></span> <span class='ocrx_word' id='word_1_268' title='bbox 772 5336 922 5416; x_wconf 84' lang='lat' dir='ltr'><strong>Astansi</strong></span> <span class='ocrx_word' id='word_1_269' title='bbox 944 5337 1097 5418; x_wconf 87' lang='lat' dir='ltr'><strong>nomine</strong></span> <span class='ocrx_word' id='word_1_270' title='bbox 1118 5335 1297 5460; x_wconf 65' lang='lat' dir='ltr'><strong>pomtinis</strong></span> <span class='ocrx_word' id='word_1_271' title='bbox 1327 5335 1498 5416; x_wconf 83' lang='lat' dir='ltr'><strong>Astansis</strong></span> <span class='ocrx_word' id='word_1_272' title='bbox 1527 5334 1592 5413; x_wconf 89' lang='lat' dir='ltr'><strong>do·</strong></span> 
     </span>
    </p>
   </div>
   <div class='ocr_carea' id='block_1_14' title="bbox 139 5509 672 5564">
    <p class='ocr_par' dir='ltr' id='par_1_15' title="bbox 139 5509 672 5564">
     <span class='ocr_line' id='line_1_35' title="bbox 139 5509 672 5564; baseline -0.009 -8"><span class='ocrx_word' id='word_1_273' title='bbox 139 5511 170 5556; x_wconf 69' lang='lat'><strong>28</strong></span> <span class='ocrx_word' id='word_1_274' title='bbox 214 5509 319 5558; x_wconf 76' lang='lat' dir='ltr'><strong>Curru.</strong></span> <span class='ocrx_word' id='word_1_275' title='bbox 333 5509 419 5564; x_wconf 64' lang='lat' dir='ltr'><strong>Rapum</strong></span> <span class='ocrx_word' id='word_1_276' title='bbox 432 5509 532 5553; x_wconf 67' lang='lat' dir='ltr'><strong>omum</strong></span> <span class='ocrx_word' id='word_1_277' title='bbox 546 5509 672 5552; x_wconf 61' lang='lat' dir='ltr'><strong>Sohutdr&#39;co.</strong></span> 
     </span>
    </p>
   </div>
   <div class='ocr_carea' id='block_1_15' title="bbox 0 0 2034 6180">
    <p class='ocr_par' dir='ltr' id='par_1_16' title="bbox 0 0 2034 6180">
     <span class='ocr_line' id='line_1_36' title="bbox 0 0 2034 6180; baseline 0 0"><span class='ocrx_word' id='word_1_278' title='bbox 0 0 2034 6180; x_wconf 95' lang='lat' dir='ltr'><strong> </strong></span> 
     </span>
    </p>
   </div>
  </div>
 </body>
</html>
