4198 6190
444 321 490 384 32
848 316 1046 384 anenata
1074 316 1276 384 GOMITUM
1305 315 1550 385 SABAUDIAE

439 554 586 636 chionis
612 551 678 657 qui
704 555 837 635 Bartae
864 581 1092 658 germane.·..
1121 555 1158 634 S·
1188 553 1381 635 Cuniberti
1402 565 1439 633 et
1469 552 1644 633 Wilelmi
1672 581 1738 633 seu
1766 554 1959 634 marchio·

440 675 497 753 nis
518 680 568 777 (t)
594 675 676 779 lege
704 675 774 754 viv.
802 674 927 754 salioa.
956 672 1189 754 Gislahertns
1217 673 1383 754 notarius
1411 675 1447 754 S.
1475 671 1607 753 Palatii
1634 672 1791 776 scripsit.

597 829 638 910 (E
662 828 738 890 Tab.
763 829 802 890 R.
826 829 950 890 Aeuom.
974 827 1112 889 Abbozia
1132 828 1164 889 oi
1186 828 1218 889 S.
1236 828 1387 899 Solutoro,
1409 827 1485 888 [aaa.
1510 846 1534 898 1,
1557 846 1590 888 n.
1606 829 1636 886 8.
1663 827 1858 900 Taenariae,
1874 829 1958 890 Adc-
2057 877 2058 884 ,

520 926 604 988 loide
624 927 798 1000 illustrato,
823 946 860 999 rr,
884 945 956 1004 pag.
980 927 1058 996 190;
1081 926 1126 986 Μ.
1150 925 1195 986 H.
1219 925 1257 984 Ρ.
1280 923 1386 986 Ghart.
1410 923 1456 996 ΙΙ,
1479 923 1537 984 ool.
1564 927 1644 1003 119).

694 1249 867 1316 LXXXIX.
895 1287 945 1298 --
973 1245 1192 1319 oldortour
1219 1245 1466 1318 uonrroaur
1494 1251 1538 1317 ot
1563 1248 1708 1318 Beata.

1057 1445 1144 1515 1031,
1170 1445 1206 1502 18
1232 1441 1378 1504 Novemb.

520 1663 535 1698 ιι
564 1628 605 1705 ln
635 1624 788 1705 nomine
808 1624 927 1704 Patris
946 1639 983 1703 et
1002 1623 1086 1704 Filii
1105 1636 1143 1703 et
1161 1623 1321 1727 Spiritus
1342 1623 1483 1718 Sancti,
1505 1624 1660 1704 domiuo
1683 1639 1808 1704 nestro
1828 1625 1954 1705 Chun-

438 1747 529 1824 rado
558 1746 797 1848 imperatore,
824 1772 924 1822 anno
952 1742 1099 1846 imperii
1141 1751 1222 1845 ejus
1250 1742 1405 1824 domino
1434 1743 1597 1848 propicio
1626 1747 1757 1847 quinto
1787 1775 1844 1824 xiv
1874 1745 1958 1824 Kal.

439 1866 526 1944 Deo.
554 1864 633 1944 Ind.
666 1893 724 1942 xv.
759 1865 836 1942 Nos
869 1863 906 1942 in
933 1862 1001 1943 Dei
1018 1853 1185 1943 'nomine
1213 1864 1419 1950 Odolrious‚
1447 1864 1509 1968 qni
1539 1876 1578 1943 et
1603 1864 1833 1944 Mainfreilns
1861 1892 1956 1943 mar-

438 1983 536 2081 chio,
558 1982 660 2063 filius
678 1982 870 2086 quondam
889 1982 1056 2086 itemque
1079 1984 1304 2089 Magnifredi
1331 1983 1506 2064 similiter
1535 1983 1763 2066 marchionis
1782 1997 1819 2065 et
1846 1986 1954 2065 Berta

439 2102 507 2183 Dei
535 2102 652 2206 gratia
679 2099 879 2182 Comitissa
901 2102 1048 2206 jugales
1069 2101 1147 2182 filia
1165 2103 1265 2184 bone
1287 2102 1468 2182 memorie
1490 2103 1633 2184 Alberti
1660 2103 1836 2184 similiter
1862 2131 1957 2182 mar-

439 2221 620 2302 chionis...
649 2257 665 2294 ιι
698 2229 845 2321 (Cetera
871 2227 1174 2318 desideraretur).

595 2375 802 2454 (unanimo,
824 2376 984 2440 Adelet'de
1004 2377 1178 2452 illustrate,
1200 2377 1246 2451 11,
1269 2397 1339 2456 pag.
1366 2381 1446 2458 196).

479 2706 547 2771 XO.
573 2741 607 2752 —
627 2702 856 2774 ombertus
876 2701 1181 2793 leonantius.
1203 2704 1246 2771 et
1267 2701 1412 2772 comes
1432 2699 1602 2771 stabuli
1623 2699 1910 2792 Burgundios.

871 2899 958 2969 1032,
982 2895 1052 2956 Ind.
1076 2915 1140 2956 xri.
1163 2895 1200 2956 In
1222 2897 1363 2976 Augusta
1384 2897 1521 2960 eivitate.

508 3079 678 3155 Dornnus
710 3075 868 3156 Ubertus
897 3102 1035 3160 eomes,
1063 3087 1101 3154 et
1126 3076 1225 3154 Bavo
1253 3075 1454 3155 advocatus
1474 3075 1519 3156 do
1540 3075 1618 3156 vioe
1639 3075 1785 3156 Gemite
1811 3105 1853 3156 er
1882 3105 1957 3158 una

436 3207 547 3298 parte,
576 3207 614 3275 et
640 3195 688 3274 ab
715 3195 787 3274 alia
813 3207 916 3297 parte
953 3195 1223 3274 monasterium
1253 3197 1290 3274 S.
1318 3195 1478 3300 Benigni
1507 3200 1759 3296 (topiorum)
1790 3196 1889 3276 inter
1914 3225 1957 3276 se

433 3315 662 3394 conveniunt
689 3315 735 3393 de
762 3315 1058 3394 commutatione
1079 3314 1329 3415 quarumdem
1356 3329 1550 3394 terrarum.
1576 3314 1762 3394 Dominus
1792 3315 1956 3397 Ubertus

435 3460 573 3528 eomes,
602 3460 849 3535 permenam
877 3433 1037 3512 Bavonis
1071 3433 1238 3513 advocati
1267 3436 1313 3513 de
1343 3432 1421 3513 vioe
1457 3431 1647 3522 comitatu¹
1675 3433 1793 3514 donat
1826 3462 1958 3514 mona-

435 3552 559 3642 sterio,
582 3553 628 3632 de
657 3565 753 3632 terra
781 3553 827 3632 de
854 3581 923 3632 suo
951 3553 1133 3633 comitatu
1160 3565 1197 3632 et
1225 3552 1412 3633 beneficio
1440 3551 1631 3645 Costabili,
1654 3581 1830 3656 eampum
1859 3553 1959 3634 infra

437 3670 624 3751 civitatem
653 3671 691 3751 in
720 3672 801 3751 looo
829 3671 1023 3774 improvia.
1052 3675 1188 3753 Contra
1215 3673 1316 3751 Bova
1335 3671 1399 3774 qui
1419 3684 1475 3751 est
1501 3673 1701 3752 advocatus
1725 3674 1761 3754 S.
1780 3673 1956 3778 Benigni,

436 3795 550 3870 donat
578 3791 615 3871 in
643 3791 939 3870 commutatione
968 3818 1142 3892 eampum
1171 3791 1210 3870 in
1246 3791 1327 3870 loeo
1360 3790 1603 3871 Inesoinaeio.
1631 3791 1668 3870 S.
1698 3791 1858 3872 Beronis
1891 3795 1957 3895 qui

435 3911 771 3990 commutationem
802 3909 891 3988 faoit
919 3937 983 4012 pro
1007 3910 1176 4010 jussione
1204 3910 1348 3990 domini
1378 3909 1506 3991 Uberti
1535 3909 1693 3990 comitis.

511 4029 660 4109 Errious
690 4027 874 4131 presbiter
901 4057 922 4107 a
949 4029 1027 4108 vioe
1055 4029 1214 4109 Batonis
1234 4029 1447 4110 cancellarii
1466 4034 1653 4131 (scripsit)
1672 4040 1853 4134 regnante
1881 4031 1955 4108 Ro·

439 4146 542 4227 dulfo
579 4175 665 4253 rege
707 4175 806 4226 anno
844 4176 901 4226 xnr
941 4155 1138 4246 (Mentesa
1177 4153 1279 4238 (ties,¹
1320 4153 1550 4250 Rortolplrrts
1590 4155 1648 4228 m
1677 4153 1859 4252 aequavit
1896 4153 1958 4226 XL

440 4277 594 4364 nomo).

599 4421 638 4502 (E
662 4421 825 4483 Ohartario
846 4420 933 4498 Epis.
957 4419 1132 4497 Augustani
1153 4417 1309 4479 recensuit
1323 4421 1352 4478 et
1366 4417 1461 4478 edidit
1474 4420 1541 4478 Ios.
1559 4418 1645 4480 Aoo.
1662 4416 1736 4478 Duc
1752 4418 1785 4478 in
1801 4417 1841 4478 R.
1858 4417 1960 4478 Sooie·

515 4518 589 4580 tatia
610 4519 694 4580 Hist.
719 4518 929 4590 Taurinensia,
955 4516 1154 4577 Miscellooeo
1176 4514 1211 4574 di
1233 4514 1342 4577 Storto
1364 4514 1519 4588 Ratione,
1543 4515 1605 4578 vol.
1628 4513 1752 4588 XXIII,
1774 4533 1846 4592 pag.
1870 4515 1954 4592 388).

612 4861 698 4927 XOI.
728 4898 774 4908 -
802 4856 1025 4928 Umbertus
1051 4858 1072 4925 1
1099 4853 1333 4925 advocatur
1360 4815 1661 4944 firmentur-dtr
1686 4870 1776 4945 reg.

892 5052 963 5113 Sine
986 5053 1052 5112 loeo
1073 5055 1102 5112 et
1124 5071 1206 5112 anno
1229 5054 1312 5129 (post
1332 5069 1383 5111 an.
1410 5051 1507 5128 1032).

511 5234 778 5338 Ermeugarrlis
807 5235 946 5340 regina,
963 5261 1029 5336 pro
1057 5233 1224 5311 remedio
1252 5231 1401 5311 animae
1420 5258 1509 5310 suae
1537 5240 1574 5308 et
1599 5228 1767 5309 Rotdulti
1796 5228 1951 5310 senioris
2057 5215 2058 5290 ἶ

434 5355 503 5452 sui,
534 5381 602 5433 nec
631 5380 705 5432 non
734 5352 848 5456 patris
876 5365 913 5431 et
941 5352 1070 5431 matris
1098 5379 1198 5438 suae,
1227 5377 1292 5429 seu
1313 5351 1471 5430 fratrum
1490 5375 1644 5429 suorum
1665 5359 1703 5427 et
1720 5361 1947 5428 coeterorum
2057 5339 2058 5430 i
