4096 6190
609 322 799 392 JAOOBUS
826 324 883 390 Du
911 321 1040 391 BOSIA
1511 327 1582 390 333

145 561 280 643 Actum
307 559 405 666 apud
432 561 598 643 Montem
627 560 834 643 Meliauum
861 561 901 643 in
929 572 1048 643 castro
1071 567 1177 663 juxta
1203 560 1423 642 Pusterlam.

146 682 289 762 Testes:
318 680 522 763 Herluiuus
548 681 721 786 Archicp.
740 679 989 779 Tarantasiue,
1020 679 1181 762 Ubertus
1208 680 1255 761 de
1283 679 1430 778 Villeta,
1452 681 1584 764 Petrus

75 801 120 881 de
145 800 251 904 Aqua
277 798 385 894 Alba,
412 799 575 883 Ubartus
599 799 839 882 Merescellus
866 801 912 881 de
940 801 1066 882 Monte
1092 799 1263 880 Meliano.

148 921 280 1001 Petrus
306 920 474 1002 notarius
499 920 655 1024 scripsit.

211 1089 279 1266 ⁷31⁴}
301 1089 340 1151 R.
363 1090 441 1154 Tab.
464 1089 662 1154 Taurinansi.
691 1091 844 1154 Provoca
870 1091 909 1152 de
939 1091 1138 1166 Tarootos'ae,
1162 1091 1281 1169 Paqoct
1304 1093 1363 1165 1·=;
1384 1091 1585 1167 aeramento,

153 1205 188 1248 n.
247 1229 255 1247 .

349 1549 495 1617 GMLIX.
526 1587 561 1599 -
589 1546 698 1620 Bono
725 1543 832 1616 vice
859 1562 997 1616 comes
1024 1543 1310 1638 coungatur.

613 1742 701 1816 1237,
724 1744 743 1802 3
764 1743 793 1802 d.
818 1741 906 1805 Julii.
930 1742 1002 1804 Ind.
1024 1760 1060 1804 x.

149 1923 248 2004 Boso
284 1921 375 2003 Vice
415 1923 548 2002 Comes
581 1920 629 2001 de
663 1923 845 2026 Augusta,
878 1923 926 2001 ad
965 1922 1185 2004 instantiam
1224 1923 1418 2005 Willermi
1458 1925 1591 2027 prioris

72 2045 111 2123 S.
132 2040 284 2124 Martini
311 2041 358 2122 de
384 2041 515 2145 Ayma,
541 2039 732 2143 scriptoris
758 2040 916 2123 Amedei
934 2042 987 2122 IV
1014 2041 1162 2123 comitis
1189 2039 1398 2126 Sabaudiac
1421 2055 1458 2123 et
1489 2071 1589 2125 mar·

72 2161 224 2244 chionis
252 2163 290 2242 in
322 2159 459 2256 Ytalie,
492 2159 646 2240 nomine
679 2157 859 2263 praedicti
892 2161 1053 2251 comitis,
1084 2161 1278 2242 coufessus
1314 2161 1387 2242 fuit
1418 2174 1456 2243 et
1485 2189 1592 2244 reco-

72 2282 207 2388 gnovit
246 2308 286 2363 se
326 2280 467 2361 debere
505 2291 543 2360 et
580 2291 835 2360 antecessores
874 2285 956 2381 ejus
996 2280 1183 2379 debuisse,
1224 2281 1379 2362 nomine
1418 2281 1590 2389 mutagii,

71 2401 202 2504 placiti
229 2398 289 2480 rel
315 2397 584 2505 playdiemeuti
616 2397 692 2500 (vel
719 2402 1046 2502 ptoydc'omortc‘).
1073 2400 1240 2482 Amedeo
1274 2399 1405 2481 comiti
1441 2412 1479 2481 et
1514 2400 1591 2482 suis

72 2518 391 2615 antecessoribus,
419 2518 458 2598 iu
486 2517 695 2597 mutatione
722 2543 788 2598 seu
817 2529 937 2599 morte
964 2517 1161 2600 feudatarii
1192 2518 1271 2600 sive
1311 2511 1588 2617 tenimentarii‚

72 2667 143 2742 pro
163 2638 286 2720 feudis
311 2665 384 2743 que
413 2637 491 2741 ipse
509 2635 664 2716 tenebat
683 2635 730 2716 ab
748 2663 804 2725 eo,
823 2634 957 2720 decem
971 2649 1010 2717 et
1026 2648 1171 2741 septem
1197 2636 1354 2719 milibus
1380 2638 1587 2720 solidorum

71 2758 341 2840 secusinorum
369 2783 553 2838 novorum
581 2756 626 2835 ad
655 2754 953 2836 misericordiam
982 2756 1128 2838 domini
1155 2755 1314 2839 comitis.

155 2880 294 2960 Actum
322 2876 360 2957 in
388 2887 507 2955 castro
534 2873 581 2954 de
608 2873 690 2954 Elia
718 2873 844 2954 Maula
871 2879 919 2979 (t)

155 2996 304 3078 Testes:
330 2992 521 3075 Vubertus
547 3004 585 3071 ct
612 2992 734 3095 Aymo
761 2991 832 3073 filii
860 2992 951 3074 dicti
977 2992 1206 3076 vicecomitis
1239 3007 1278 3075 et
1308 2995 1505 3077 Jhoannes
1532 3022 1589 3076 ar·

68 3115 325 3198 chidiaoonus
344 3109 591 3218 augustensis,
609 3111 791 3192 Ricardus
809 3112 856 3192 de
874 3111 911 3195 S.
930 3112 1080 3194 Andros
1098 3114 1136 3195 in
1155 3113 1388 3213 Maurienna,
1409 3115 1595 3216 Trahiz()

68 3234 236 3339 quidem
264 3232 403 3341 gacifer
429 3232 479 3334 (t)
505 3231 552 3312 de
579 3231 711 3334 Aymu.
1581 3239 1584 3246 ·

157 3355 288 3433 Petrus
316 3352 363 3431 de
390 3349 538 3431 Malleo.
555 3410 563 3426 .
581 3409 588 3422 .
606 3348 736 3453 palacii
765 3351 931 3431 notarius
958 3352 1113 3454 scripsit.

242 3522 284 3604 (Ε
305 3522 344 3582 R.
360 3521 438 3584 Τὼ.
454 3520 650 3583 Taurinansi.
672 3521 781 3582 Dete
802 3522 947 3597 d'Aoate,
970 3523 1090 3601 Paqaet
1113 3527 1167 3597 1⁰¹,
1186 3523 1252 3587 otte
1273 3531 1302 3586 ct
1322 3524 1433 3588 Docte
1449 3525 1597 3600 d’Aorte,

163 3641 197 3683 n.
218 3621 263 3699 8).

242 3966 370 4034 OMLX.
401 4003 436 4013 -
466 3962 653 4035 arcobus
679 3959 731 4033 de
758 3960 899 4034 Bonis.
927 3959 1114 4032 rendum
1139 3962 1220 4034 Ῑιοι
1245 3959 1437 4035 Echinos.

531 4161 619 4235 laur,
640 4161 671 4223 d.
694 4161 712 4222 7
735 4159 824 4222 Julii.
847 4158 919 4221 Iud.
941 4176 976 4219 x.
998 4159 1150 4222 Secuaiae.

159 4345 351 4426 Amedeus
377 4368 505 4424 comes
531 4342 742 4425 Saheudiae
768 4355 808 4421 et
833 4343 871 4423 iu
899 4343 1017 4447 Italya
1043 4341 1213 4423 marchio
1239 4342 1356 4423 donat
1380 4340 1524 4424 Jacoho
1549 4343 1597 4425 de

66 4465 196 4549 Booia
221 4490 289 4570 pro
316 4461 446 4570 gentili
473 4461 581 4543 feudo
607 4461 732 4542 locum
761 4461 807 4541 de
835 4461 905 4542 Les
932 4461 1106 4557 Echinos,
1132 4461 1295 4565 positum
1327 4461 1367 4542 in
1402 4462 1597 4566 parrochia

65 4589 111 4669 S.
151 4581 329 4666 Mauritii.
1342 4615 1344 4620 v
1455 4599 1459 4602 ·

162 4704 303 4785 Actum
324 4702 366 4783 in
392 4700 533 4805 palacio
560 4700 746 4782 Secusiae.

162 4823 308 4904 Testes:
336 4820 434 4902 Vido
462 4821 509 4901 de
535 4819 743 4911 Plocaasco,
771 4818 893 4903 Guido
912 4822 959 4901 de
973 4820 1200 4925 Amaysinis,
1218 4821 1350 4902 Petrus
1369 4820 1416 4902 de
1434 4821 1597 4929 Alingio,

64 4943 289 5028 Volbertus
315 4939 363 5021 de
389 4940 557 5046 Augusta
584 4950 622 5020 et
646 4939 786 5044 plures.

83 5055 95 5093 ³
160 5059 355 5144 Johanues
383 5063 431 5142 de
457 5057 609 5142 Caiuxio
636 5057 803 5140 notarius
830 5057 986 5163 scripsit.

245 5233 287 5314 (Ε
309 5231 349 5293 Β.
372 5231 448 5294 Tab.
473 5231 670 5294 Taurinensi.
692 5231 840 5293 Prooa'occ
860 5231 898 5293 de
921 5231 1119 5305 Tarentum,
1141 5229 1263 5308 chrtet
1285 5232 1314 5302 4,
1336 5249 1369 5290 n.
1394 5232 1438 5310 1).
