4198 6190
459 319 503 382 33
861 283 1056 384 sacuam
1084 313 1287 382 3333333
1315 313 1560 380 stancona

497 447 1099 454 --—-———-—--—-—-—--
1131 447 1379 452 -—.——
1392 439 1975 452 —————-.-..-——-———-—

743 781 830 850 3111.
864 819 896 828 -
925 773 1128 849 surrectus
1155 775 1374 863 presbiter.
1404 774 1682 848 orberanum.

621 996 707 1070 1035,
730 996 768 1054 33
790 993 933 1055 Decemb.
957 993 1027 1054 Iud.
1052 1012 1102 1053 111.
1126 991 1269 1066 Taurini,
1291 993 1324 1052 in
1346 993 1446 1052 castro
1468 1007 1558 1068 super
1579 991 1670 1067 porta
1691 986 1810 1048 susino.

533 1193 713 1274 Sufredos
742 1193 925 1295 presbiter
951 1193 972 1272 f.
1001 1191 1191 1294 qnondam
1220 1189 1346 1294 Algisi,
1376 1190 1458 1294 1333
1486 1186 1613 1266 vivens
1634 1183 1974 1290 Langobardorum

459 1344 503 1394 ex
532 1315 682 1394 natione
709 1341 788 1406 sua,
817 1313 924 1392 altari
943 1314 979 1392 S.
1002 1310 1193 1391 Trinitatis
1214 1311 1250 1390 iu
1271 1309 1424 1388 ecclesia
1448 1311 1483 1388 S.
1501 1306 1688 1386 Jobannis
1717 1303 1977 1392 Tamicensis,

459 1435 522 1514 nbi
550 1461 657 1512 secus
684 1433 819 1536 pedem
848 1432 1017 1532 ejusdem
1047 1430 1172 1509 altaris
1200 1430 1424 1533 Magini'redi
1453 1425 1683 1508 marchionis
1710 1451 1844 1526 corpus
1871 1425 1976 1526 quie-

460 1552 539 1645 scit,
567 1552 681 1631 donat
707 1550 949 1630 medietatem
979 1550 1090 1628 cortis
1118 1549 1320 1637 Orbazani,
1349 1560 1389 1625 ut
1416 1576 1479 1626 sex
1506 1544 1702 1648 presbiteri
1738 1544 1838 1622 dicto
1865 1543 1973 1622 altari

459 1672 671 1751 deserviant
711 1697 775 1773 pro
811 1669 978 1749 remedio
1018 1671 1148 1749 Bertae
1184 1667 1413 1761 comitissae,
1455 1663 1676 1768 Maginfredi
1721 1663 1976 1756 marchionis,

460 1790 572 1870 Alrici
609 1790 767 1868 astensis
801 1788 1009 1891 pontificis,
1046 1787 1201 1867 Otdonis
1231 1785 1458 1865 marchionis
1493 1797 1561 1863 etc.
1595 1783 1634 1862 Si
1663 1810 1749 1862 vero
1776 1781 1974 1886 episcopus

459 1909 698 1989 Tauriuensis
732 1908 788 1986 vel
825 1907 896 1986 alia
925 1935 1080 2010 persona
1107 1907 1333 2008 praedictam
1363 1905 1607 1985 medietatem
1636 1902 1767 1982 tollere
1795 1903 1974 1990 voluerit,

461 2028 675 2124 coustituit,
714 2041 754 2106 ut
789 2027 967 2107 contiuuo
1003 2025 1193 2130 perveniat
1228 2027 1266 2105 in
1303 2025 1614 2131 gubernationem
1644 2035 1682 2102 31
1711 2021 1973 2102 defensionem

459 2151 590 2228 Bertae
616 2147 828 2227 comitissae
863 2147 1028 2224 333133
1049 2153 1130 2246 ejus
1150 2145 1228 2225 filio
1251 2181 1283 2238 o,
1304 2160 1340 2222 et
1367 2143 1542 2224 dominae
1561 2140 1715 2222 Adalaie
1741 2140 1799 2220 vel
1819 2142 1865 2219 de
1893 2148 1974 2240 ejus

459 2267 654 2348 1313133133
680 2267 761 2346 filio
790 2264 956 2344 masculo
983 2266 1013 2343 si
1042 2264 1225 2344 habuerit.
1255 2311 1289 2320 —
1318 2263 1550 2344 Giselbertus
1579 2260 1746 2341 notarius
1775 2261 1812 2339 S.
1844 2259 1973 2338 Palatii

461 2388 618 2490 scripsit.

618 2559 657 2640 (11
679 2557 755 2620 Tab.
780 2557 880 2634 Cepit.
904 2556 960 2620 SS.
985 2555 1148 2616 Trinitatis
1169 2553 1379 2616 Teurineusis.
1402 2554 1450 2614 Μ.
1473 2553 1516 2613 Η.
1542 2553 1578 2612 Ρ.
1604 2553 1711 2613 Obart.
1735 2551 1782 2624 11,
1805 2552 1863 2612 col.
1890 2553 1972 2625 123).

823 2969 903 3036 CIV.
933 3008 968 3018 -
994 2963 1196 3038 aufredus
1222 2968 1355 3054 presb.
1385 2967 1602 3040 Buriades.

706 3184 793 3254 1035,
817 3184 854 3240 33
875 3182 1018 3242 Decemb.
1042 3180 1189 3255 Taurini,
1212 3182 1245 3242 in
1266 3186 1367 3243 castro
1388 3201 1477 3261 super
1498 3187 1587 3262 porta
1608 3184 1726 3244 susina.

535 3380 716 3460 Subedus
745 3380 929 3483 presbiter
955 3381 980 3458 1.
1009 3381 1201 3484 quondam
1221 3379 1349 3484 Algisi,
1371 3381 1453 3484 lege
1481 3381 1610 3460 vivens
1637 3381 1971 3484 Langobardorum

458 3498 682 3578 exustione
709 3527 787 3592 sua,
815 3499 919 3578 alteri
959 3500 1025 3579 SS.
1062 3497 1251 3578 Trinitatis
1288 3499 1326 3577 in
1364 3497 1530 3578 ecclesia
1551 3499 1586 3578 S.
1613 3497 1801 3579 Johanuis
1838 3499 1972 3580 Tauri·

459 3618 598 3714 nensis,
630 3617 693 3698 ubi
720 3645 829 3698 secus
855 3618 989 3722 pedem
1018 3618 1188 3720 ejusdem
1218 3618 1342 3697 altaris
1371 3617 1566 3697 Maiufredi
1587 3617 1817 3699 marchionis
1844 3645 1973 3720 corpus

458 3738 628 3843 quiescit,
658 3738 774 3817 donat
802 3737 1043 3817 medietatem
1071 3738 1183 3816 cortis
1210 3737 1406 3830 BuriadeS‚
1436 3749 1478 3816 ut
1503 3765 1567 3816 ser
1594 3737 1788 3840 presbiteri
1817 3737 1896 3818 Deo
1922 3737 1971 3817 ibi

458 3859 670 3938 deserviant
697 3884 760 3958 pro
788 3854 957 3935 remedio
983 3856 1115 3935 bertae
1142 3857 1366 3947 comitissae,
1394 3857 1617 3962 Maginfredi
1645 3857 1891 3952 marchionis,
1916 3857 1971 3936 111·

458 3977 571 4058 derici
609 3975 766 4056 astensis
801 3974 1009 4077 pontificis,
1036 3975 1193 4056 Otdouis
1228 3975 1456 4056 marchionis
1493 3990 1562 4056 etc.
1591 3977 1629 4058 Si
1664 4005 1751 4056 vero
1778 3977 1971 4080 episcopus

458 4095 712 4189 Taurinensis,
734 4092 791 4173 vel
812 4093 883 4173 3113
913 4120 1068 4198 persona
1095 4095 1336 4175 medietatem
1365 4095 1486 4176 dictae
1505 4096 1621 4176 curtis
1644 4096 1778 4176 tollere
1807 4094 1970 4183 voluerit

456 4215 662 4309 constituit,
683 4227 724 4293 ut
750 4213 811 4294 illa
842 4217 953 4292 cortis
979 4213 1157 4293 continno
1178 4214 1368 4317 perveniat
1385 4215 1424 4294 iu
1444 4216 1758 4320 gubernationem
1788 4227 1827 4294 31
1846 4215 1969 4294 defen·

457 4335 603 4416 sionem
635 4335 763 4413 bertae
791 4333 1013 4428 comitissae,
1048 4344 1156 4412 aaut
1182 4334 1228 4413 de
1255 4339 1335 4434 ejus
1363 4333 1440 4412 filie
1479 4337 1634 4414 nomine
1669 4333 1881 4442 Adaleygc‚
1916 4333 1968 4412 vel

458 4455 505 4535 de
541 4460 622 4554 ejus
659 4451 738 4533 filio
777 4451 1026 4532 masculinnm
1059 4452 1263 4555 jamdictae
1300 4451 1452 4532 domiue
1491 4454 1669 4560 bdeleige
1705 4453 1735 4534 si
1774 4453 1930 4533 abuerit.
1950 4485 1964 4524 3

456 4579 596 4672 (Lectio
623 4586 821 4672 33333313.
841 4579 952 4650 Forte
979 4576 1186 4676 legendnm
1213 4577 1408 4650 estatio
1430 4577 1686 4672 3333333333
1711 4577 1855 4652 coorto
1880 4576 1969 4676 ejus-
2064 4669 2065 4678 ἵ

456 4699 544 4772 dccc
570 4697 675 4770 dici:
702 4693 892 4794 perveniat
919 4692 954 4771 13
983 4691 1296 4795 gubernationem
1317 4705 1354 4770 ct
1373 4691 1645 4777 defensionem,
1672 4726 1688 4765 3
1706 4694 1840 4773 Bertae
1859 4693 1967 4774 comi·

456 4813 580 4900 tissae‚
599 4823 665 4890 aut
691 4811 737 4891 de
765 4818 846 4912 ejus
873 4811 964 4899 filio,
984 4823 1021 4889 et
1048 4810 1223 4891 dominae
1251 4809 1404 4890 Adelaie
1432 4811 1489 4890 vel
1517 4812 1563 4891 de
1592 4819 1672 4912 ejus
1698 4813 1877 4919 Adeleige
1896 4813 1967 4894 11113

456 4931 623 5012 masculo
650 4931 681 5010 si
710 4928 860 5010 abuerit
888 4964 921 5002 a.

614 5101 661 5182 (111
684 5100 761 5162 Tub.
786 5103 887 5180 Capit.
911 5101 966 5162 SS.
991 5101 1153 5162 Trinitatis
1175 5103 1387 5166 Taurinensis.
1411 5105 1458 5165 Μ.
1474 5103 1518 5164 H.
1535 5103 1573 5164 Ρ.
1599 5103 1705 5165 Obori.
1729 5103 1775 5177 II,
1799 5107 1858 5167 331.
1884 5106 1962 5182 133).
